1945 3079
112 734 174 767 114
190 725 212 757 b
230 735 261 757 2.

116 2615 259 2648 115a1.

1012 51 1096 105 396

282 165 539 207 animalium
566 178 591 206 a
620 165 780 218 quibus
812 164 1154 207 denominantur
1179 165 1214 207 si
1242 165 1538 221 intelligamus
1570 166 1705 209 lineas
1737 180 1835 222 pro-

282 235 394 276 trahi
416 234 472 276 ab
495 247 581 275 una
605 235 661 276 ad
684 234 817 275 aliam
847 234 1090 276 secundum
1121 236 1241 289 quod
1263 242 1453 290 oportet.
1536 236 1596 277 Et
1619 235 1702 277 alie
1723 242 1835 286 sunt,

283 310 331 345 ut
364 304 548 354 Pliades,
570 310 614 344 et
649 303 850 357 Hyades,
876 309 919 345 et
952 303 1103 356 Orion,
1126 310 1170 345 et
1203 305 1319 347 Ursa
1356 306 1496 359 major
1527 311 1572 346 et
1604 306 1761 357 minor,
1792 312 1836 347 et

282 373 550 427 hujusmodi.
595 372 770 414 Pliades
792 373 959 415 habent
981 380 1154 427 septem
1178 373 1328 416 stellas
1350 374 1638 429 conglobatas
1655 374 1835 429 propin-

281 458 379 497 que,
411 457 496 497 que
527 442 817 496 conglobacio
853 443 1107 484 nominatur
1136 457 1162 484 a
1193 442 1374 485 Gallicis
1405 443 1568 498 gallina
1600 443 1836 498 pucinaria,

282 519 327 555 et
349 519 416 554 est
438 527 576 567 prope
597 513 817 554 anteriora
845 512 993 554 Tauri.
1059 513 1120 554 Et
1152 513 1340 566 Hyades
1367 519 1434 555 est
1463 503 1701 568 disposicio¹
1732 511 1835 554 stel-

282 582 422 623 larum
458 583 514 624 ad
548 583 731 623 modum
763 583 951 636 septime
984 581 1122 635 figure
1160 581 1397 635 algorismi‚
1420 595 1506 635 que
1532 580 1667 623 habet
1699 595 1834 622 unam

282 651 457 693 stellam
479 650 609 693 valde
632 651 822 692 lucidam
846 657 890 692 et
920 665 1127 705 magnam
1153 651 1195 692 in
1221 652 1508 693 extremitate
1531 652 1658 692 unius
1687 645 1835 692 lateris

283 721 391 775 ejus,
424 728 467 763 et
499 728 682 762 vocatur
709 717 994 776 Aldelbaran,
1018 734 1105 774 que
1134 727 1178 762 et
1201 720 1363 761 dicitur
1395 720 1547 762 oculus
1574 720 1723 771 Tauri,
1745 732 1835 760 non

281 791 385 844 quia
407 790 462 831 sit
495 790 538 830 in
562 790 776 844 principio
808 789 957 840 Tauri,
979 803 1079 830 cum
1106 790 1162 831 sit
1195 803 1333 844 prope
1360 789 1454 843 ejus
1487 790 1745 843 posteriora,
1766 795 1834 830 set

280 864 463 913 propter
504 859 753 900 claritatem
796 859 891 913 ejus
928 864 1212 913 comparatur
1253 859 1392 910 oculo,
1428 860 1502 912 qui
1540 859 1596 900 de
1629 872 1676 900 se
1718 857 1835 900 lucet

281 935 328 970 ut
366 934 488 983 patet
525 930 567 969 in
600 928 790 969 tenebris
822 942 921 970 cum
954 929 992 970 ei
1025 929 1189 982 digitus
1221 929 1498 983 supponitur.
1561 928 1699 970 Orion
1729 941 1834 968 vero

280 998 416 1039 habet
442 1010 494 1041 22
512 998 673 1047 stellas,
697 1004 740 1039 et
764 1005 828 1039 est
852 999 895 1038 in
920 997 1118 1040 Geminis
1133 1011 1274 1052 prope
1294 998 1502 1052 Hyadem
1526 998 1582 1039 ad
1606 997 1834 1039 orientem»

280 1068 356 1122 qui
390 1074 504 1109 esset
538 1081 649 1108 unus
681 1067 816 1108 homo
847 1067 1016 1108 habens
1047 1067 1195 1109 stellas
1221 1081 1301 1121 pro
1333 1068 1479 1121 capite
1510 1074 1553 1109 et
1586 1081 1719 1108 unam
1752 1080 1833 1121 pro

281 1138 484 1193 pedibus,
500 1144 567 1178 set
590 1137 633 1177 in
658 1137 806 1179 medio
829 1136 1002 1178 Orionis
1024 1137 1123 1177 loco
1145 1137 1325 1191 cinguli,
1341 1144 1385 1179 et
1403 1143 1491 1179 tres
1515 1138 1832 1186 descendentes

280 1222 306 1249 a
342 1207 480 1248 latere
513 1212 727 1261 tanquam
764 1207 891 1257 ensis,
930 1213 973 1248 et
999 1207 1109 1248 duas
1144 1206 1357 1249 distantes
1395 1207 1439 1247 in
1473 1207 1588 1248 linea
1623 1213 1744 1247 recta
1775 1207 1831 1248 ad

282 1277 464 1318 modum
487 1276 637 1318 lancee
665 1290 799 1330 quam
823 1276 866 1317 in
891 1290 1025 1318 manu
1051 1282 1185 1326 tenet,
1209 1283 1252 1318 et
1275 1277 1335 1318 sic
1363 1276 1419 1317 de
1445 1276 1552 1317 aliis.
1615 1275 1693 1318 Set
1716 1276 1833 1318 Ursa

282 1347 423 1401 major
445 1352 512 1387 est
529 1360 667 1400 prope
689 1346 856 1399 polum,
878 1345 1048 1387 habens
1072 1356 1093 1398 7
1119 1346 1267 1387 stellas
1290 1345 1558 1394 manifestas,
1576 1352 1620 1387 et
1642 1351 1834 1399 quatuor

282 1416 454 1457 illarum
485 1416 780 1470 disponuntur
812 1415 937 1469 quasi
970 1415 1291 1468 equidistanter
1321 1416 1364 1456 in
1397 1414 1537 1468 figura
1559 1415 1832 1469 equidistan-

281 1487 396 1527 cium
448 1485 711 1536 lancearum,
754 1485 917 1525 idcirco
970 1486 1091 1538 quod
1144 1486 1229 1526 due
1277 1485 1417 1538 magis
1464 1483 1832 1538 septentrionales

281 1561 384 1596 sunt
421 1555 463 1595 in
499 1568 587 1595 una
623 1554 738 1595 linea
771 1568 872 1595 cum
906 1554 1046 1596 Stella
1081 1555 1283 1596 Nautica.
1349 1555 1467 1595 Nam
1499 1555 1534 1595 si
1565 1553 1681 1595 linea
1714 1560 1833 1596 recta

282 1625 481 1666 trahatur
514 1638 592 1678 per
634 1631 868 1679 utramque
910 1638 1059 1666 earum
1103 1638 1333 1678 usquequo
1376 1630 1575 1665 occurrat
1618 1622 1678 1664 illi
1721 1622 1832 1665 linee

279 1694 407 1736 stella
436 1694 598 1749 aliqua,
621 1695 764 1748 prima
786 1708 872 1748 que
901 1695 1090 1736 occurrit
1119 1701 1185 1736 est
1209 1694 1335 1735 stella
1360 1693 1509 1744 Maris,
1531 1707 1618 1747 que
1640 1693 1833 1735 Nautica

278 1771 476 1814 vocatur,
499 1778 586 1818 que
607 1769 672 1806 est
689 1777 829 1818 prope
845 1763 997 1818 polum
1013 1763 1412 1818 septentrionalem,
1435 1776 1524 1804 non
1540 1763 1584 1803 in
1597 1763 1714 1817 polo,
1727 1763 1833 1818 quia

284 1841 489 1876 movetur
510 1835 624 1876 circa
639 1848 751 1875 eum.
819 1833 899 1875 Set
916 1834 1020 1887 quia
1044 1847 1201 1888 parum
1225 1848 1250 1875 a
1276 1833 1379 1888 polo
1402 1834 1537 1875 distat
1558 1833 1730 1875 videtur
1751 1833 1833 1874 irn-

284 1904 460 1945 mobilis
483 1909 664 1958 propter
690 1904 955 1945 brevitatem
979 1904 1046 1945 sui
1073 1903 1236 1945 circuli.
1300 1903 1359 1945 Et
1381 1904 1463 1946 hee
1495 1910 1686 1957 quatuor
1706 1902 1832 1945 stelle

282 1973 488 2015 dicuntur
510 1986 604 2014 esse
621 1973 822 2014 similiter
845 1987 968 2014 renes
987 1972 1163 2026 majoris
1187 1973 1314 2024 Urse‚
1335 1987 1360 2014 a
1376 1974 1535 2028 quibus
1558 1973 1832 2014 descendunt

281 2049 369 2084 tres
391 2057 478 2097 que
492 2049 594 2084 sunt
617 2043 714 2084 loco
732 2043 882 2092 caude,
906 2043 1095 2098 etjuxta
1119 2043 1313 2084 medium
1332 2057 1482 2084 earum
1499 2048 1566 2085 est
1587 2056 1675 2083 una
1697 2056 1831 2097 parva

279 2112 407 2154 stella
429 2126 515 2165 que
546 2118 728 2153 vocatur
761 2111 936 2154 Boetes.
1002 2112 1062 2153 Et
1095 2113 1305 2166 quoniam
1337 2112 1418 2153 hec
1451 2125 1617 2166 ymago
1648 2116 1831 2153 vocatur

279 2182 538 2235 plaustrum,
575 2182 676 2235 quia
713 2181 848 2223 habet
887 2188 1077 2235 quatuor
1109 2181 1259 2223 stellas
1291 2195 1371 2237 pro
1405 2182 1525 2234 rotis,
1558 2187 1602 2222 et
1635 2187 1722 2223 tres
1751 2194 1830 2234 pro

281 2252 418 2304 equis,
444 2251 604 2292 dicitur
640 2250 799 2293 Boetes
835 2259 985 2293 custos
1022 2250 1204 2305 plaustri
1238 2252 1440 2305 equitans
1472 2264 1604 2305 super
1635 2250 1830 2292 medium

279 2334 457 2374 equum,
480 2322 596 2362 unde
618 2321 804 2363 Ovidius
828 2322 871 2362 in
895 2321 1046 2363 Fastis

497 2391 703 2445 Tingitur
733 2404 923 2432 occeano
948 2397 1097 2433 custos
1121 2391 1458 2433 Herimantidos
1482 2404 1593 2431 urse.

282 2459 501 2509 Herimas,
525 2460 719 2511 -mantis,
744 2467 810 2502 est
835 2474 962 2502 mons
991 2461 1033 2501 in
1058 2460 1296 2511 Archadia,
1320 2460 1363 2500 in
1385 2473 1474 2513 quo
1505 2458 1682 2500 Kalisto
1703 2459 1828 2514 virgo

1854 459 1872 492 5

1857 803 1897 827 10

1855 1503 1938 1526 20⁷

1853 1848 1892 1882 ²5

1851 2193 1894 2225 30

282 2529 552 2580 morabatur,
574 2543 660 2582 que
688 2529 931 2570 secundum
968 2529 1138 2571 fabulas
1168 2535 1338 2570 mutata
1368 2535 1433 2569 est
1458 2528 1500 2569 in
1529 2528 1644 2569 hanc
1667 2541 1828 2578 ursam,
1848 2538 1888 2572 35

281 2603 324 2638 et
345 2612 370 2639 a
399 2604 549 2639 monte
576 2597 580 2651 Ι
610 2598 864 2640 nominatur
895 2600 1116 2649 Hermas,
1149 2598 1436 2649 Herimantis,
1457 2597 1526 2638 vel
1559 2597 1828 2639 Herimanti-

279 2668 361 2708 dos
397 2669 638 2709 secundum
681 2669 867 2710 formam
910 2668 1259 2723 patronimicam‚
1291 2674 1336 2708 et
1367 2667 1445 2708 iste
1490 2667 1650 2708 Boetes
1680 2672 1828 2709 custos

325 2762 365 2792 32
392 2752 570 2794 Ovidius]
594 2753 689 2785 Trist.
712 2753 732 2785 i.
752 2765 782 2792 4.
805 2764 830 2785 1.
882 2754 996 2786 These
1018 2754 1212 2794 quotations
1228 2764 1285 2785 are
1303 2753 1442 2785 derived
1462 2753 1545 2785 from
1566 2751 1785 2784 Sacrobosco.
