1945 3079
124 1483 182 1515 ¹31
203 1485 221 1506 a
239 1482 268 1507 1.

1018 28 1104 79 446

295 148 383 202 poli
418 146 495 187 fixi
525 146 567 186 in
597 151 712 186 terra
737 143 807 185 vel
839 143 1031 193 alterius,
1054 142 1123 184 hic
1154 150 1403 186 moveretur
1431 145 1609 187 diversis
1640 146 1846 198 motibus,

294 231 393 259 cum
428 222 576 257 tamen
615 214 830 269 equaliter
867 220 910 255 et
944 213 1216 255 uniformiter
1246 214 1450 256 videatur
1482 215 1525 255 in
1556 229 1637 257 suo
1669 216 1844 259 circulo.

295 287 413 327 Nam
436 285 615 339 quando
631 297 732 325 cum
756 289 879 324 motu
903 283 1025 325 navis
1049 289 1263 333 movetur,
1285 289 1388 326 tunc
1409 285 1630 326 videretur
1652 286 1695 326 in
1709 299 1845 341 parvo

293 362 493 409 tempore
529 354 716 395 multum
752 352 948 406 elongari
980 353 1037 394 ab
1076 351 1149 393 illo
1182 352 1274 393 fixo
1304 354 1348 393 in
1382 360 1510 404 terra,
1532 354 1710 407 quando
1741 369 1846 396 vero

293 438 382 465 non
415 430 618 465 movetur
647 436 747 464 cum
781 427 905 463 motu
939 422 1073 473 navis,
1104 428 1171 463 set
1204 422 1522 475 equidistanter
1552 423 1675 476 quasi
1704 425 1845 466 motui
1866 443 1883 475 5

291 494 428 545 navis,
459 500 562 534 tunc
588 493 763 533 videtur
790 498 918 541 stare,
940 491 1122 542 scilicet,
1149 491 1328 544 quando
1358 498 1504 533 motus
1527 488 1620 546 ejus
1648 493 1846 543 diversus

294 570 361 604 est
393 578 419 604 a
446 568 570 603 motu
598 562 732 612 navis,
762 562 823 603 ita
855 567 902 603 ut
939 566 1087 602 motus
1116 560 1210 614 ejus
1242 561 1478 603 excederet
1507 567 1680 604 motum
1709 563 1847 616 navis,

292 640 397 674 tunc
423 633 598 674 videtur
620 632 896 673 retrocedere
918 636 962 671 et
980 630 1040 671 ire
1058 630 1101 671 in
1125 632 1393 672 contrarium
1416 644 1505 685 quo
1528 631 1620 673 ibat
1637 645 1663 673 a
1685 631 1845 686 princi-

292 702 379 756 pio,
402 702 522 755 quod
546 701 658 742 bene
675 701 948 754 contingeret
965 700 999 741 si
1014 699 1144 741 valde
1159 707 1421 743 moveretur.
1488 699 1562 742 Sic
1583 701 1846 755 ymaginan-

292 779 363 813 tur
386 772 515 813 orbes
541 770 766 812 inferiores
796 777 841 812 et
877 769 1025 812 stellas
1058 770 1222 811 moveri
1255 770 1297 810 in
1326 769 1489 811 virtute
1519 777 1666 812 motus
1700 771 1847 824 primi,

291 841 404 882 sicut
425 841 562 883 homo
589 845 790 894 respectu
819 840 953 882 navis.
1016 840 1113 880 Nec
1135 846 1288 881 curant
1310 840 1366 881 de
1388 840 1699 882 contrarietate
1721 840 1846 882 istius

293 917 440 952 motus
462 911 517 951 ad
542 916 757 959 naturam,
779 910 883 963 quia
901 923 987 950 non
1007 909 1242 949 intendunt
1259 910 1379 962 quod
1398 910 1613 964 principia
1632 910 1846 952 naturalia

291 981 378 1021 sint
421 981 542 1022 falsa.
608 979 687 1021 Set
729 979 834 1034 quia
877 992 928 1019 ea
963 979 1106 1019 sciunt
1147 977 1369 1031 applicare
1406 979 1467 1020 eis
1510 992 1597 1032 que
1628 986 1846 1033 apparent

291 1050 334 1090 in
358 1050 463 1099 celo,
482 1050 735 1103 relinquunt
748 1049 841 1090 vias
858 1056 1021 1099 nature,
1045 1061 1132 1088 non
1156 1053 1204 1088 ut
1233 1048 1466 1089 intendant
1481 1049 1761 1101 contrarium,
1778 1055 1845 1091 set

291 1119 395 1172 quia
437 1133 524 1161 non
566 1118 819 1173 intelligunt
855 1118 1084 1172 quomodo
1126 1123 1301 1158 servant
1342 1117 1542 1159 ordinem
1585 1125 1765 1160 nature:
1790 1126 1844 1173 et

289 1188 490 1231 similiter
524 1202 625 1230 cum
658 1189 740 1229 hiis
777 1202 830 1229 ea
867 1201 954 1241 que
985 1188 1028 1228 in
1066 1186 1298 1229 celestibus
1329 1193 1555 1242 apparent.
1618 1187 1844 1242 Quoniam

289 1272 394 1300 vero
430 1259 722 1300 instrumenta
758 1257 948 1299 formata
986 1263 1101 1308 sunt,
1143 1263 1187 1299 et
1227 1269 1419 1298 canones
1458 1256 1574 1309 facti,
1609 1264 1654 1300 et
1691 1258 1844 1300 tabule

290 1329 537 1381 composite
588 1328 644 1369 ad
696 1326 982 1369 certificanda
1035 1341 1086 1368 ea
1136 1341 1224 1380 que
1265 1332 1481 1381 apparent
1523 1327 1566 1367 in
1609 1327 1844 1370 celestibus

289 1399 532 1439 secundum
555 1397 810 1451 opinionem
838 1396 1103 1449 Ptholomei,
1132 1404 1175 1438 et
1202 1397 1471 1439 addiderunt
1500 1397 1635 1452 aliqui
1665 1399 1722 1440 ad
1751 1399 1844 1453 ejus

290 1467 679 1518 consideraciones‚
702 1474 750 1508 ut
771 1465 1029 1521 Allbategni
1053 1473 1097 1508 et
1118 1466 1316 1507 Thebith
1340 1472 1384 1508 et
1406 1466 1627 1510 Arzachel
1651 1468 1695 1508 in
1717 1468 1844 1511 certi-

291 1536 501 1578 ficacione
519 1543 667 1578 motus
682 1535 762 1578 celi
786 1535 949 1578 stellati
968 1543 1012 1578 et
1028 1536 1208 1590 augium
1226 1535 1519 1589 planetarum,
1538 1538 1683 1594 ipsum
1700 1550 1841 1591 expo-

291 1613 457 1659 nentes,
489 1613 534 1648 et
569 1606 690 1659 quod
723 1605 861 1646 defuit
894 1605 1200 1659 complentes;
1245 1605 1348 1647 volo
1379 1605 1448 1648 hic
1480 1607 1603 1648 brevi
1641 1620 1841 1649 sermone

289 1690 509 1718 summam
520 1675 755 1730 posicionis
765 1674 1013 1716 Ptholomei
1031 1681 1245 1716 annotare
1259 1688 1358 1717 cum
1375 1676 1661 1730 exposicione
1670 1678 1841 1720 succin-

289 1752 360 1788 cta
384 1745 499 1786 illius
521 1746 640 1799 quod
663 1745 797 1786 ceteri
819 1744 1101 1786 addiderunt.

351 1832 373 1886 <
386 1831 634 1886 Capitulum
662 1831 757 1872 18³¹.
809 1830 861 1872 de
881 1831 1079 1873 metabus
1095 1831 1382 1886 planetarum
1410 1833 1644 1874 secundum
1666 1833 1842 1877 Ptlzolo-

289 1903 476 1957 meum.)

350 1974 465 2014 Dico
487 1973 620 2026 igitur
641 1973 762 2026 quod
786 1985 994 2013 numerus
1019 1986 1247 2026 sperarum
1264 1973 1506 2014 secundum
1531 1972 1840 2016 Ptholomeum

289 2043 416 2084 nobis
443 2043 682 2084 visibilium
717 2049 819 2083 sunt
846 2048 959 2092 octo,
982 2055 1059 2082 nec
1090 2042 1146 2083 de
1175 2042 1258 2083 hoc
1285 2055 1469 2084 numero
1499 2049 1635 2097 tango
1665 2050 1838 2086 tantum

288 2113 369 2154 nisi
406 2119 587 2166 propter
620 2118 792 2164 motus;
840 2112 1031 2153 intencio
1064 2111 1180 2152 enim
1212 2112 1464 2166 principalis
1495 2119 1562 2154 est
1595 2113 1840 2155 describere

1868 790 1908 812 10

1866 1136 1906 1169 15

1866 1483 1906 1506 20

1866 1847 1904 1882 25

287 2182 479 2224 celorum
515 2188 661 2222 motus
699 2188 742 2222 et
776 2180 963 2222 circulos
1000 2181 1244 2237 secundum
1285 2195 1396 2234 quos
1434 2181 1558 2234 fiunt,
1593 2196 1650 2223 ex
1679 2183 1840 2236 quibus
1861 2199 1903 2231 30

287 2258 443 2305 postea
459 2252 638 2293 intendo
658 2250 956 2306 principaliter
972 2264 1204 2291 numerum
1218 2251 1440 2293 verificare
1458 2251 1644 2293 orbium.
1673 2250 1840 2294 Secun-

286 2321 393 2362 dum
433 2322 564 2376 igitur
597 2321 908 2363 Ptholomeum
940 2335 1068 2374 spera
1103 2321 1244 2362 Lune'
1271 2328 1337 2362 est
1370 2321 1656 2376 propinquior
1696 2328 1840 2375 terre;

287 2397 522 2444 postquam
560 2397 626 2432 est
668 2405 795 2444 spera
839 2391 1049 2432 Mercurii
1091 2390 1310 2439 secunda;
1354 2391 1491 2432 tercia
1528 2398 1593 2432 est
1625 2392 1839 2442 Veneris;

287 2466 443 2513 quarta
476 2459 624 2511 Solis3
656 2460 812 2513 quinta
844 2460 1032 2510 Marti53
1066 2465 1196 2501 sexta
1232 2459 1383 2512 Jovis3
1416 2460 1604 2514 septima
1635 2460 1838 2512 Saturni3

287 2535 444 2570 octava
465 2529 545 2570 celi
574 2529 750 2571 stellati.
813 2529 982 2570 Omnes
1013 2535 1161 2570 autem
1195 2529 1323 2570 orbes
1355 2529 1414 2569 hii
1447 2543 1547 2570 cum
1581 2530 1670 2571 suis
1702 2530 1839 2573 stellis
1858 2550 1898 2583 35

330 2618 439 2647 27-32
466 2608 573 2639 Dico.
589 2633 596 2639 .
613 2633 620 2641 .
637 2608 746 2650 terre]
763 2608 935 2639 Numerus
948 2618 1124 2648 sperarum
1139 2608 1390 2639 continentium
1402 2619 1522 2640 omnes
1536 2599 1650 2640 motus
1661 2609 1838 2642 stellarum

285 2665 363 2691 sunt
382 2661 449 2700 viij,
469 2671 611 2700 quarum
631 2661 853 2701 propinquior
866 2666 957 2692 terre
976 2665 1028 2691 est
1041 2670 1142 2700 spera
1157 2659 1305 2699 Lune,S
1317 2660 1352 2701 (s.
1373 2671 1420 2691 10.
1436 2661 1466 2692 b.
1483 2662 1527 2703 1).
1620 2671 1663 2701 33
1686 2662 1838 2693 secunda

285 2722 353 2743 om.
372 2712 402 2743 S
490 2723 532 2752 35
558 2713 623 2744 celi
640 2713 786 2754 stellati]
805 2713 980 2744 stellarum
1000 2713 1143 2744 fixarum
1160 2712 1190 2745 S
1277 2722 1317 2752 35
1336 2737 1342 2744 .
1363 2736 1371 2744 .
1390 2737 1397 2744 .
1418 2714 1472 2752 26,
1490 2723 1522 2753 p.
1542 2724 1605 2753 447
1624 2713 1757 2746 Omnes
1773 2737 1781 2746 .
1804 2737 1810 2744 .
1829 2738 1836 2746 .

286 2764 403 2795 oriens
419 2775 485 2796 om.
505 2764 535 2796 S
