1945 3079
152 1739 277 1781 96b2.

1023 108 1108 152 330

294 206 510 246 naturam,
549 210 653 250 ergo
692 202 941 238 moveretur
979 210 1151 238 sursum
1189 201 1371 250 propter
1407 202 1612 237 naturam
1649 193 1757 235 levis
1800 199 1845 235 et

294 274 475 321 propter
502 266 835 308 similitudinem
865 272 1019 307 nature
1046 266 1248 308 celestis:
1288 266 1524 308 dicendum
1558 270 1623 306 est
1656 264 1786 318 quod*
1808 264 1844 305 si

295 342 543 377 moveretur
572 350 658 377 non
688 342 939 378 moveretur
971 350 1143 377 sursum
1176 342 1357 389 propter
1390 342 1594 376 naturam
1628 334 1748 384 levis,
1778 339 1845 375 set

293 412 473 460 propter
514 406 934 448 consimilitudinem
982 412 1138 447 nature
1188 405 1375 447 celestis.
1462 405 1522 445 Et
1569 403 1846 446 verisimilius

293 482 360 516 est
375 476 495 529 quod
519 489 604 516 non
633 481 968 517 movereturvset
991 476 1248 528 quiesceret,
1277 474 1380 529 quia
1410 473 1508 528 plus
1532 474 1766 528 requiritur
1786 473 1843 514 ad
1866 490 1884 523 5

295 552 466 587 motum
489 559 624 600 quam
647 546 703 586 ad
727 546 937 599 quietem,
959 546 1064 599 quia
1096 550 1244 586 motus
1273 550 1340 585 est
1362 544 1541 600 habitus
1563 534 1606 585 et
1628 539 1753 598 quies
1776 549 1844 584 est

294 616 499 670 privacio,
521 622 564 657 et
583 615 680 670 plus
696 616 931 669 requiritur
953 616 1009 656 ad
1034 621 1205 657 motum
1228 621 1398 656 rectum
1430 628 1566 669 quam
1588 615 1645 656 ad
1669 620 1841 655 motum

294 685 510 735 absolute,
533 692 576 727 et
598 686 697 727 ideo
720 685 819 739 plus
842 690 994 726 contra
1015 690 1220 726 naturam
1243 683 1369 726 stelle
1392 691 1509 726 esset
1531 683 1697 725 moveri
1721 689 1845 724 motu

292 762 413 796 recto
436 769 569 809 quam
583 755 817 809 quiescere,
835 755 939 809 quia
956 768 1045 796 non
1065 755 1310 807 quiesceret
1328 759 1510 808 propter
1532 753 1613 794 loci
1636 752 1843 794 conveni-

295 825 466 865 enciam
496 838 576 866 nec
604 830 784 878 propter
805 824 1068 879 gravitatem
1099 830 1166 865 set
1188 830 1370 878 propter
1392 830 1597 865 naturam
1619 823 1845 877 propriam
1871 837 1910 859 10

295 908 381 948 que
418 894 519 935 licet
561 894 851 936 contrarietur
882 895 1020 948 quieti
1057 894 1146 944 tali,
1181 901 1331 935 tamen
1375 893 1514 947 magis
1555 893 1849 935 contrariatur

297 964 437 1005 motui
471 969 603 1005 recto.
670 964 730 1004 Et
760 964 860 1005 ideo
898 964 1039 1018 magis
1076 964 1160 1005 hoc
1197 963 1376 1017 eligeret
1410 970 1581 1013 natura,
1612 963 1717 1017 quia
1743 962 1848 1004 facit

296 1033 416 1086 quod
442 1033 598 1073 melius
620 1038 685 1074 est
708 1039 752 1073 et
775 1033 895 1086 quod
920 1034 1065 1074 minus
1089 1032 1255 1074 malum
1280 1039 1361 1079 est.

355 1101 403 1143 Si
427 1102 598 1143 dicatur
619 1103 740 1156 quod
763 1102 1033 1145 Aristoteles
1056 1103 1164 1144 dicit
1185 1103 1245 1153 4ῒο
1273 1101 1364 1144 Cela·
1382 1110 1425 1144 et
1444 1102 1614 1143 Mundi
1630 1119 1637 1142 :
1674 1102 1710 1142 si
1724 1108 1850 1153 ‚terra
1943 1148 1945 1152 v

296 1177 411 1212 esset
439 1185 570 1226 super
599 1172 752 1213 orbem
782 1172 898 1223 lune,
921 1186 1008 1213 non
1039 1173 1282 1225 quiesceret
1312 1172 1389 1222 ibi,
1412 1179 1479 1213 set
1512 1178 1764 1213 moveretur
1788 1170 1847 1212 ‘ad
1871 1185 1910 1219 ¹5
1940 1162 1945 1182 ¹

297 1248 493 1283 centrum
523 1242 702 1283 mundi:
743 1256 859 1295 ergo,
884 1256 1041 1297 corpus
1068 1243 1229 1284 celeste
1259 1249 1327 1284 est
1356 1243 1400 1283 in
1429 1256 1518 1296 quo
1547 1242 1734 1295 quiescit
1755 1241 1848 1282 vio-

296 1311 446 1361 lenter,
470 1318 513 1352 et
535 1326 561 1352 a
583 1326 671 1365 quo
695 1319 898 1353 movetur
919 1312 1202 1361 naturaliter3
1224 1326 1341 1366 ergo,
1363 1319 1430 1353 est
1452 1312 1724 1354 contrarium
1748 1310 1845 1352 loco
1937 1308 1945 1349 i

298 1381 516 1432 deorsum,
539 1387 810 1435 quapropter
828 1381 909 1422 erit
930 1380 1039 1432 leve,
1062 1395 1161 1422 cum
1186 1381 1316 1423 nichil
1333 1381 1622 1423 contrarietur
1636 1381 1732 1422 loco
1753 1394 1849 1434 gra·
1937 1381 1945 1418 f

297 1450 364 1490 vis
386 1450 467 1490 nisi
490 1449 610 1490 leve:
647 1450 882 1491 dicendum
906 1452 1026 1504 quod
1059 1457 1176 1492 terra
1198 1463 1286 1492 non
1308 1449 1480 1505 fugeret
1503 1464 1528 1491 a
1550 1450 1646 1491 celo
1671 1455 1850 1504 propter
1932 1438 1945 1498 ζ

272 1519 652 1560 .contrarietatem
677 1520 792 1560 illius
815 1520 1009 1573 corporis
1031 1520 1087 1561 ad
1110 1534 1255 1574 grave,
1283 1518 1287 1575 Ι
1317 1526 1385 1561 set
1416 1526 1599 1573 propter
1631 1520 1846 1574 privacio-
1873 1512 1945 1579 202⁴}

299 1602 399 1630 nem
436 1589 735 1630 convenientis
773 1596 816 1630 et
853 1589 1120 1630 desiderium
1162 1589 1245 1630 loci
1283 1589 1583 1631 convenientis
1619 1589 1845 1630 naturalis.

301 1658 348 1699 Si
371 1659 544 1700 dicatur
565 1659 684 1711 quod
708 1664 814 1699 tunc
837 1658 964 1700 stella
985 1673 1071 1712 que
1090 1665 1157 1700 est
1174 1660 1381 1700 deorsum
1400 1660 1558 1700 eodem
1575 1659 1709 1700 modo
1725 1657 1848 1700 fieret

300 1741 470 1769 sursum
494 1734 675 1781 propter
695 1729 989 1781 privacionem
1008 1729 1308 1770 convenientis
1337 1727 1341 1780 Ι
1369 1730 1593 1777 deorsum,
1611 1734 1655 1769 et
1672 1734 1852 1782 propter

298 1797 564 1838 desiderium
598 1798 762 1852 proprii
795 1797 902 1839 loci:
938 1798 1177 1839 dicendum
1211 1806 1278 1840 est
1315 1799 1434 1852 quod
1469 1811 1556 1839 non
1591 1804 1657 1839 est
1690 1798 1844 1846 simile,

297 1868 399 1921 quia
421 1873 534 1908 terra
556 1874 658 1908 nata
690 1874 755 1909 est
789 1868 954 1910 moveri
987 1874 1112 1909 motu
1145 1875 1265 1910 recto
1297 1875 1342 1909 et
1372 1869 1414 1909 in
1437 1868 1535 1910 loco
1557 1881 1643 1909 non
1671 1881 1843 1910 sursum
1873 1884 1939 1926 ²53

300 1937 529 1978 descendit
551 1950 577 1977 a
599 1937 696 1978 loco
718 1951 804 1978 non
827 1951 922 1990 suo,
944 1938 1035 1978 sive
1057 1938 1112 1979 sit
1138 1938 1400 1979 contrarium
1426 1938 1518 1979 sive
1539 1938 1595 1979 sit
1615 1938 1850 1980 diversum.

301 2005 380 2047 Set
394 2005 521 2047 stella
544 2020 633 2048 non
655 2013 719 2047 est
737 2012 840 2048 nata
856 2008 1020 2048 moveri
1044 2014 1168 2049 motu
1193 2015 1314 2049 recto
1327 2015 1395 2050 set
1416 2008 1692 2058 circulariter,
1710 2013 1754 2049 et
1767 2008 1851 2050 hoc
1932 1982 1943 2054 l

301 2089 389 2116 non
422 2076 503 2116 nisi
532 2076 573 2116 in
602 2076 698 2117 loco
727 2090 819 2125 suo,
852 2091 940 2118 non
972 2078 1027 2118 ad
1052 2078 1211 2128 locum,
1243 2085 1286 2119 et
1316 2079 1416 2120 ideo
1448 2078 1690 2132 quiesceret
1722 2084 1851 2120 extra
1930 2087 1944 2207 Ι

1931 1739 1941 1787 ι.

301 2145 446 2187 locum
471 2152 515 2187 et
538 2159 624 2187 non
651 2153 910 2188 moveretur.

349 2331 387 2359 14
409 2322 492 2352 Geli
508 2324 546 2352 et
562 2320 718 2363 Mundi]
735 2322 777 2353 iv.
797 2331 847 2353 22.

352 2489 379 2518 1,
399 2490 418 2509 2
442 2484 585 2519 propter
602 2504 609 2511 .
629 2504 635 2511 .
658 2505 664 2511 .
683 2481 838 2522 celestis]
856 2481 1057 2512 naturaliter
1072 2492 1141 2512 non
1159 2492 1221 2522 per
1242 2483 1458 2523 violenciam,
1483 2493 1588 2523 quare
1605 2483 1672 2514 erit
1689 2482 1764 2514 leve
1786 2493 1849 2524 per

301 2537 456 2562 naturam
476 2531 506 2562 O
627 2542 689 2572 2-5
714 2533 741 2564 si
759 2557 766 2565 .
786 2557 793 2564 .
816 2558 822 2565 .
842 2534 934 2573 quod
952 2545 1017 2564 om.
1038 2533 1079 2564 M
1195 2545 1215 2574 9
1239 2535 1332 2576 quia]
1351 2536 1385 2566 in
1402 2535 1477 2567 loco
1495 2535 1610 2566 mobili
1629 2539 1723 2566 motu
1741 2540 1846 2575 recto,

302 2589 337 2615 et
354 2589 467 2614 tamen
486 2583 516 2614 O
620 2595 659 2615 10
683 2589 825 2625 propter
840 2585 918 2627 alt.]
937 2597 998 2626 per
1015 2586 1056 2616 M
1157 2589 1196 2617 16
1220 2587 1392 2629 centrum]
1412 2587 1559 2618 medium
1579 2587 1610 2618 O
1639 2600 1647 2605 ·
1701 2598 1740 2618 21
1768 2597 1851 2619 con-

300 2636 467 2667 venientis
484 2636 540 2667 alt.
559 2647 624 2667 om.
645 2637 675 2668 O
815 2648 857 2668 22
883 2637 936 2679 Si]
957 2638 993 2669 Si
1012 2638 1116 2677 igitur
1134 2638 1165 2669 O
1304 2649 1345 2678 25
1370 2644 1404 2670 et
1421 2663 1429 2671 .
1451 2664 1457 2671 .
1481 2665 1487 2672 .
1508 2639 1661 2681 sursum]
1679 2644 1713 2671 et
1730 2649 1797 2672 non
1815 2640 1849 2671 in

298 2688 375 2719 loco
386 2699 460 2727 suo,
476 2693 510 2719 et
526 2687 568 2718 M
714 2699 754 2729 27
782 2689 860 2731 Set]
878 2700 990 2729 neque
1012 2690 1042 2720 O
1177 2701 1230 2731 27,
1251 2692 1294 2722 28
1318 2697 1352 2723 et
1369 2692 1433 2724 hoc
1451 2702 1520 2723 non
1539 2702 1606 2723 om.
1628 2692 1658 2723 O
