1945 3079
123 1083 164 1115 O.
188 1082 226 1114 16
245 1093 275 1115 a.

132 1650 190 1673 101
211 1641 233 1673 b
254 1650 280 1673 1.

1021 55 1104 111 348

292 172 414 214 culos
436 171 755 225 equidistantes
780 171 967 213 minores
992 177 1037 212 et
1060 170 1249 224 majores
1272 171 1314 212 in
1338 170 1497 225 quibus
1520 169 1674 211 fierent
1696 174 1844 210 motus

292 241 535 292 circulares,
553 246 598 282 et
616 240 716 282 ideo
738 247 1047 296 argumentum
1063 241 1201 282 eciam
1225 242 1342 283 istud
1360 254 1449 282 non
1471 239 1645 288 sufficit,
1666 238 1847 289 scilicet,

292 312 412 365 quod
450 310 592 353 celum
627 311 683 352 sit
718 311 888 364 sperice
924 310 1063 366 figure
1100 311 1203 365 quia
1237 316 1439 352 movetur
1471 316 1595 352 motu
1633 307 1845 351 circulari.

293 381 412 423 Nam
439 381 501 423 sic
523 386 674 435 posset
697 380 860 422 moveri
883 380 1023 422 eciam
1045 380 1078 421 si
1106 386 1220 422 esset
1242 380 1381 421 ovalis
1398 379 1537 433 figure
1558 378 1629 420 vel
1650 377 1845 432 pyrami-

291 450 404 491 dalis
425 449 494 490 vel
517 449 695 492 alterius
718 451 918 501 rotunde,
934 456 978 491 et
994 449 1078 491 hoc
1096 450 1338 491 secundum
1356 462 1535 490 omnem
1549 448 1845 502 dyametrum.
1866 465 1884 497 5
1928 449 1930 478 l

292 520 412 561 Nam
439 520 551 561 linee
573 521 660 562 due
685 521 818 562 ducte
839 534 865 561 a
887 527 1038 562 centro
1061 520 1297 573 cujuslibet
1318 519 1402 560 celi
1424 519 1481 560 ad
1504 519 1597 573 ejus
1621 515 1846 559 circumfe-

294 590 485 632 renciam
522 597 665 632 essent
703 590 894 644 equales,
927 591 1130 644 quamvis
1162 589 1311 630 circuli
1347 587 1449 631 facti
1483 601 1615 643 super
1657 588 1847 642 majores

294 660 554 714 dyametros
586 666 733 702 essent
765 661 953 714 majores
985 660 1082 702 aliis
1114 659 1283 701 circulis
1315 658 1444 701 factis
1478 672 1610 712 super
1641 659 1845 699 minores.

298 729 413 771 Cum
445 735 594 770 tamen
627 729 892 772 Aristoteles
929 737 973 771 et
1006 730 1137 771 ceteri
1173 735 1390 770 auctores>
1409 728 1575 770 faciunt
1606 727 1687 770 hec
1718 740 1848 781 argu-

297 805 475 841 menta:
523 799 760 841 dicendum
798 805 865 840 est
898 800 1018 853 quod
1056 799 1140 854 ipsi
1175 797 1428 852 intelligunt
1464 797 1546 839 hec
1583 802 1848 852 argumenta
1872 812 1911 837 10

295 880 396 907 cum
430 866 669 920 equalitate
701 866 900 907 omnium
932 865 1191 908 circulorum
1225 865 1443 919 majorum
1476 866 1518 905 in
1551 877 1737 918 corpore
1767 862 1849 905 celi

295 937 598 977 ducendorum
642 950 721 989 per
765 949 1027 990 quecunque
1070 942 1235 989 puncta
1274 934 1518 989 superficiei
1561 934 1640 975 celi
1684 939 1729 975 et
1770 947 1848 987 per

297 1012 497 1047 centrum
520 1019 650 1059 super
679 1019 790 1058 quos
811 1004 997 1046 circulos
1023 1018 1311 1058 quoscunque
1334 1004 1411 1045 fiat
1440 1010 1589 1045 motus
1618 1003 1699 1046 celi
1722 1001 1851 1044 indif-

298 1074 488 1116 ferenter
524 1075 768 1115 secundum
801 1074 1141 1128 possibilitatem
1171 1073 1176 1130 Ι
1205 1068 1376 1123 nature,
1408 1074 1483 1128 qui
1516 1074 1665 1115 circuli
1697 1086 1850 1114 omnes

298 1150 400 1186 sunt
423 1143 612 1198 majores
634 1144 675 1185 in
697 1158 837 1198 spera.
902 1144 1001 1185 Nisi
1024 1144 1141 1186 enim
1159 1145 1220 1185 sic
1245 1150 1466 1198 ponantur
1487 1143 1638 1185 circuli
1661 1137 1851 1198 majores
1873 1135 1933 1374 ¹5³

299 1215 342 1255 in
365 1228 675 1269 quamcunque
696 1222 868 1268 partem
894 1214 1114 1266 volumus,
1138 1221 1185 1255 ut
1214 1229 1344 1268 super
1371 1227 1681 1269 quemcunque
1709 1213 1851 1268 possit

299 1283 391 1325 fieri
414 1290 561 1325 motus
584 1283 815 1334 circularis,
838 1284 914 1337 qui
936 1283 1084 1324 circuli
1105 1284 1346 1325 secundum
1369 1297 1522 1324 omnes
1547 1290 1652 1325 sunt
1674 1282 1852 1336 equales

300 1361 343 1395 et
366 1366 495 1407 super
517 1353 696 1406 equales
725 1353 984 1407 dyametros
1015 1360 1059 1395 et
1087 1367 1211 1403 axes,
1233 1360 1456 1406 oporteret
1475 1367 1637 1408 ponere
1659 1365 1848 1394 vacuum

299 1423 540 1465 secundum
565 1430 736 1465 motum
759 1423 965 1477 aliquem,
988 1429 1032 1464 et
1054 1423 1138 1465 hoc
1160 1437 1246 1465 non
1268 1423 1496 1477 contingit.
1560 1423 1621 1464 Et
1644 1423 1744 1464 ideo
1765 1435 1853 1464 non
1924 1421 1931 1485 1

301 1493 552 1548 intelligunt
592 1499 793 1534 auctores
834 1507 970 1534 unum
1008 1492 1141 1534 talem
1180 1492 1390 1534 circulum
1433 1506 1564 1547 super
1600 1506 1733 1546 quem
1775 1492 1852 1534 fiat
1875 1507 1916 1529 20

301 1570 461 1613 motus,
484 1568 550 1604 set
573 1562 769 1604 infinitos
791 1568 834 1603 et
856 1563 913 1604 ab
936 1563 1055 1603 omni
1078 1569 1258 1616 puncto,
1280 1569 1323 1603 et
1345 1568 1448 1603 tunc
1471 1561 1642 1603 nullum
1664 1574 1851 1603 vacuum

301 1639 380 1674 est.
446 1632 505 1673 Et
537 1633 733 1686 sequitur
761 1632 796 1673 si
824 1639 971 1674 motus
1001 1631 1006 1688 Ι
1033 1632 1253 1674 circularis
1275 1638 1341 1673 est
1368 1646 1472 1686 ergo
1497 1645 1626 1686 spera
1648 1638 1728 1681 est,
1749 1631 1854 1685 quia

299 1703 361 1743 hii
394 1702 541 1744 circuli
574 1715 662 1743 non
687 1708 786 1743 sunt
815 1702 895 1743 nisi
925 1703 968 1742 in
996 1716 1152 1757 spera:
1187 1715 1321 1755 quare
1354 1701 1480 1743 aliter
1505 1700 1715 1755 possibile
1738 1706 1853 1742 esset

298 1786 500 1823 vacuum,
522 1778 565 1813 et
596 1771 695 1812 ideo
722 1779 979 1826 supponunt
1009 1786 1163 1813 omnes
1189 1773 1444 1826 dyametros
1474 1770 1652 1826 equales
1685 1771 1728 1812 in
1758 1783 1854 1812 cor-

300 1854 406 1895 pore
429 1839 523 1890 celi,
546 1845 590 1880 et
612 1839 694 1880 sub
718 1838 800 1880 hiis
823 1839 1154 1880 condicionibus
1181 1838 1392 1892 sequitur.
1457 1838 1505 1881 Si
1534 1839 1677 1880 celum
1702 1851 1854 1879 move·
1877 1842 1916 1875 ²5

301 1917 373 1951 tur
396 1915 518 1950 motu
548 1908 757 1957 circulari,
779 1922 885 1964 ergo
915 1909 995 1950 erit
1024 1909 1252 1962 spericum,
1281 1922 1384 1950 nam
1408 1909 1450 1949 in
1480 1908 1575 1950 sola
1598 1921 1727 1962 spera
1753 1913 1855 1949 sunt

303 1992 457 2020 omnes
471 1977 617 2020 circuli
640 1978 749 2019 tales
771 1977 948 2032 equales
970 1985 1014 2020 et
1037 1978 1199 2019 habent
1222 1978 1480 2031 dyametros
1502 1978 1691 2032 equales,

364 2048 411 2090 Si
443 2062 545 2089 vero
568 2049 784 2090 obiciatur
805 2055 954 2090 contra
978 2049 1058 2090 hec
1081 2049 1200 2102 quod
1224 2048 1410 2102 quilibet
1435 2054 1582 2090 motus
1604 2047 1684 2089 celi
1707 2048 1853 2089 deter-

305 2119 499 2159 minatus
533 2125 599 2159 est
636 2118 878 2160 secundum
912 2131 1047 2158 unum
1079 2131 1224 2166 axem,
1260 2131 1367 2171 ergo
1399 2116 1558 2158 sufficit
1592 2117 1688 2159 celo
1719 2116 1856 2159 ovalis

306 2189 443 2243 figure
466 2203 559 2230 esse
575 2188 644 2229 vel
666 2189 844 2229 alterius
864 2188 1000 2242 figure
1018 2189 1203 2233 rotunde
1226 2188 1345 2241 quod
1367 2193 1596 2229 moveatur
1612 2188 1855 2229 secundum
1876 2205 1919 2238 30

306 2273 439 2299 axem
461 2259 720 2312 longiorem,
741 2259 844 2312 quia
867 2272 1095 2312 nunquam
1119 2272 1307 2299 vacuum
1331 2264 1411 2307 est,
1431 2257 1507 2299 vel'
1527 2263 1576 2299 ut
1597 2257 1652 2299 sit
1674 2256 1855 2299 lenticu-

306 2328 407 2369 laris
431 2328 569 2382 figure
590 2336 634 2370 et
665 2335 894 2370 moveatur
919 2342 1052 2383 super
1080 2324 1499 2375 axem'breviorem,
1523 2327 1628 2381 quia
1659 2340 1747 2368 non
1775 2326 1857 2368 erit

305 2399 366 2439 sic
395 2411 611 2439 vacuum:
646 2398 878 2439 dicendum
912 2399 1031 2452 quod
1070 2411 1155 2439 non
1188 2397 1332 2439 solum
1366 2397 1599 2439 actualitas
1630 2397 1755 2438 vacui
1789 2401 1857 2437 est

302 2467 586 2522 impossibilis
600 2474 666 2509 set
683 2467 954 2522 possibilitas
971 2468 1026 2508 acl
1046 2468 1202 2521 ipsum,
1223 2475 1267 2509 et
1283 2468 1382 2508 ideo
1397 2466 1540 2508 celum
1560 2466 1660 2508 licet
1681 2479 1856 2507 movea-

350 2565 370 2584 2
393 2553 501 2585 eciam
519 2552 628 2594 istud]
642 2551 735 2584 istud
753 2551 906 2583 absolute
923 2556 1096 2592 sumptum
1117 2551 1146 2582 O
1271 2553 1292 2582 6
1316 2552 1417 2582 ducte
1433 2561 1500 2582 om.
1522 2550 1552 2581 O
1630 2589 1638 2594 ι
1674 2550 1695 2580 8
1719 2549 1858 2581 circulis

305 2617 370 2638 om.
388 2605 430 2636 M
559 2616 580 2645 9
604 2603 747 2646 faciunt]
766 2605 892 2636 saciant
908 2604 950 2634 M
1046 2603 1127 2644 hec]
1146 2603 1201 2634 hic
1218 2603 1260 2633 M
1382 2613 1421 2634 10
1437 2603 1500 2634 hec
1517 2607 1718 2642 argumenta
1734 2612 1801 2633 om.
1820 2601 1862 2632 M

308 2668 345 2698 17
372 2658 469 2699 sunt]
486 2658 554 2689 sint
572 2657 603 2688 O
795 2667 837 2696 23
861 2657 981 2698 quare]
1001 2656 1079 2696 quia
1099 2655 1129 2686 O
1320 2665 1361 2694 27
1387 2654 1472 2687 tales
1484 2658 1563 2695 post
1579 2654 1705 2686 habent
1721 2658 1798 2685 stat.
1820 2654 1861 2685 M

303 2711 446 2750 equales
461 2710 517 2742 alt.
535 2720 601 2741 om.
622 2709 663 2739 M
749 2710 791 2739 23
816 2719 896 2740 vero
914 2719 981 2740 om.
999 2708 1041 2738 M
1137 2707 1217 2749 hec]
1237 2708 1301 2738 hoc
1319 2707 1361 2738 M
1448 2716 1493 2746 30
1518 2707 1626 2746 figure
1644 2717 1721 2738 esse
1738 2717 1803 2738 om.
1825 2705 1856 2738 Ο

305 2773 348 2802 32
372 2763 460 2804 non]
478 2774 539 2794 nec
560 2763 591 2794 O
