1945 3079
793 117 875 160 345

66 217 174 258 linee
204 217 261 258 ad
293 216 477 269 angulos
509 217 713 271 obliquos
745 220 950 261 caderent
981 222 1036 262 ab
1068 223 1127 262 eis
1159 237 1288 278 super
1317 238 1394 265 nos
1423 227 1597 278 quando

67 291 211 328 essent
234 285 276 326 in
299 285 506 326 orizonte.
569 285 647 326 Set
668 287 847 340 quando
870 302 936 329 res
959 290 1112 331 eadem
1136 291 1262 344 longe
1284 293 1432 345 distat,
1455 295 1595 335 minor

65 355 263 404 videtur3
301 354 481 407 quando
513 367 661 408 prope,
695 355 834 408 major
865 357 1056 397 videtur:
1095 373 1198 413 ergo
1231 361 1352 402 stelle
1383 369 1595 415 apparent

67 423 256 477 maj0res
292 423 335 462 in
372 422 549 464 meridie
580 436 713 475 quarn
746 424 788 463 in
820 431 916 465 ortu
948 425 1014 465 vel
1041 424 1045 480 Ι
1074 440 1238 468 occasu.
1301 429 1377 470 Set
1410 430 1490 471 hoc
1527 436 1591 471 est
1616 432 1655 463 O.
1677 440 1711 471 ¹4
1733 432 1754 461 b

31 510 48 542 5
69 492 225 534 falsum
255 491 443 544 penitus,
466 491 604 531 immo
633 493 900 532 contrarium
931 494 1102 544 accidit,
1132 495 1304 548 scilicet,
1330 499 1447 550 quod
1474 498 1597 538 stelle

67 566 310 614 appareant
343 558 530 612 majores
560 559 602 599 in
632 560 798 600 oriente
826 559 830 614 Ι
858 574 990 614 quam
1025 562 1066 601 in
1093 563 1234 604 medio
1262 564 1353 605 celi.
1417 565 1491 606 Set
1514 566 1596 606 hoc
1619 573 1716 603 100b
1739 582 1765 603 1.

69 636 135 671 est
172 642 249 682 per
284 627 488 669 accidens
524 633 600 668 aut
643 634 822 681 propter
858 630 1236 683 intcrposicionem
1273 645 1481 685 vaporum
1525 641 1598 674 aut

69 705 248 752 propter
264 710 440 739 causam
457 695 591 737 aliam
605 710 738 750 quam
758 696 1042 740 Ptholomeus
1065 705 1107 739 et
1121 699 1290 740 Alacen
1309 701 1594 742 determinant

70 767 113 808 in
144 766 263 808 libris
294 766 568 820 Aspectuum,
601 771 647 805 ut
679 765 968 806 declarabitur
1004 767 1180 808 inferius
1217 782 1295 808 suo
1336 768 1444 809 loco.
1508 770 1601 810 Nec

12 854 53 877 ιο
70 835 184 877 enim
217 842 284 876 est
315 847 392 889 per
423 833 752 887 elongacionem
785 834 995 888 majorem
1028 836 1249 876 stellarum
1281 837 1349 877 vel
1382 837 1602 887 minorem,

70 910 142 946 set.
168 910 347 958 propter
378 903 486 944 alias
518 903 628 944 duas
664 917 818 944 causas
853 904 1141 944 accidentales
1159 919 1168 956 3
1201 905 1299 945 ideo
1332 905 1465 947 stabit
1497 920 1595 959 pro-

72 973 267 1028 positum
289 973 408 1027 quod
431 972 573 1013 celum
596 985 685 1014 non
708 973 788 1013 erit
810 972 938 1027 plane
965 972 1114 1027 figure.

132 1044 245 1084 Item
275 1042 393 1084 istud
422 1041 508 1082 alia
539 1042 710 1083 racione
739 1041 955 1083 consimili
985 1049 1027 1083 et
1056 1056 1133 1096 per
1156 1042 1285 1083 aliam
1308 1056 1484 1085 causam
1507 1057 1605 1096 pro-

71 1114 212 1154 batur.
273 1111 392 1152 Nam
425 1125 490 1152 res
523 1111 678 1152 eadem
711 1112 889 1163 quando
921 1112 1002 1152 sub
1040 1111 1195 1152 minori
1232 1112 1393 1165 angulo
1425 1112 1598 1153 videtur

17 1197 54 1230 15
74 1182 214 1222 minor
243 1186 439 1234 apparet,
466 1185 514 1221 ut
541 1194 598 1221 ex
625 1179 736 1222 libro
763 1179 815 1220 de
847 1179 950 1221 Vz'su
977 1186 1020 1220 et
1044 1180 1295 1233 Aspecsz‘bns
1324 1180 1600 1222 manifestum

73 1257 151 1301 est,
172 1265 224 1293 eo
250 1251 370 1305 quod
403 1251 446 1291 in
477 1250 707 1304 superficie
738 1249 850 1291 oculi
883 1250 1048 1304 species
1079 1251 1256 1290 veniens
1287 1251 1403 1304 capit
1435 1255 1602 1303 partem

75 1321 286 1362 minorem
309 1333 442 1374 quarn
466 1321 647 1374 quando
674 1319 756 1360 sub
781 1333 941 1373 magno
963 1318 1123 1373 angulo
1144 1320 1317 1359 videtur
1336 1335 1343 1359 :
1377 1332 1478 1359 nam
1501 1326 1606 1359 tunc

75 1389 302 1430 ordinatur
324 1389 492 1443 species
513 1389 556 1429 in
581 1403 742 1443 magna
764 1389 1012 1442 quantitate
1035 1387 1163 1437 oculi,
1182 1394 1226 1429 et
1249 1388 1347 1429 ideo
1364 1386 1609 1428 sensibilius

75 1465 119 1500 et
141 1458 392 1513 expressius
408 1464 555 1512 potest
572 1472 795 1512 apparere.
859 1457 937 1499 Set
959 1457 994 1498 si
1017 1456 1158 1498 celum
1176 1463 1288 1498 esset
1312 1456 1440 1510 plane
1463 1455 1611 1509 figure,

18 1547 58 1570 20
75 1532 180 1568 tunc
222 1527 452 1580 dyameter
491 1527 617 1569 stelle
654 1527 833 1580 quando
870 1533 935 1568 est
973 1526 1014 1567 in
1057 1526 1237 1566 meridie
1273 1526 1490 1566 videretur
1530 1524 1611 1565 sub

76 1595 237 1650 angulo
267 1595 421 1649 majori
450 1610 585 1650 quam
607 1597 787 1651 quando
809 1603 874 1638 est
896 1596 939 1636 in
965 1596 1131 1637 oriente
1152 1594 1220 1635 vel
1243 1595 1482 1643 occidente,
1508 1606 1611 1645 ergo

75 1662 253 1719 quando
274 1670 340 1706 est
363 1665 406 1705 in
429 1666 608 1706 meridie
629 1671 813 1720 apparet
837 1665 988 1719 major,
1010 1665 1128 1717 quod
1153 1663 1308 1704 falsum
1331 1669 1414 1703 est.

136 1735 350 1776 Probacio
372 1736 702 1789 consequencie.
758 1734 825 1776 Sit
839 1734 978 1776 celum
998 1734 1110 1774 linea
1127 1733 1222 1783 AB,
1246 1739 1288 1773 et
1313 1732 1391 1772 EF
1413 1732 1468 1772 sit
1495 1731 1603 1783 dya-

78 1809 216 1845 meter
246 1803 370 1845 stelle
394 1806 572 1858 quando
600 1812 665 1847 est
697 1805 740 1846 in
774 1805 963 1852 meridie,
986 1809 1029 1844 et
1062 1802 1142 1843 FG
1171 1802 1226 1843 sit
1257 1801 1350 1855 ejus
1382 1801 1610 1854 dyameter

19 1893 58 1925 25
76 1873 256 1927 quando
283 1880 349 1915 est
369 1887 517 1916 versus
547 1881 706 1924 mtum,
731 1881 775 1916 et
802 1874 882 1915 GB
905 1874 958 1914 sit
980 1871 1072 1925 ejus
1095 1872 1321 1924 dyameter
1342 1869 1519 1924 quando
1543 1876 1609 1909 est

78 1942 121 1982 in
143 1947 240 1982 ortu
263 1949 307 1983 et
328 1942 368 1984 Ο
391 1943 448 1985 sit
470 1944 620 1986 oculus
646 1945 689 1985 in
710 1943 939 1998 superficie
959 1950 1082 1984 terre.
1141 1940 1362 1981 Trahatur
1384 1939 1469 1978 FH
1494 1937 1612 1990 equi-

78 2013 247 2054 distans
276 2011 375 2054 GO.
426 2012 548 2067 Ergo
570 2027 671 2054 cum
695 2014 780 2054 FH
807 2019 922 2055 secet
953 2012 1090 2052 latera
1118 2008 1322 2062 trianguli
1347 2006 1473 2049 GOE
1496 2006 1615 2059 equi-

79 2082 293 2123 distanter
305 2082 454 2132 tercio,
471 2089 647 2137 oportet
669 2084 788 2137 quod
807 2096 882 2136 per
898 2081 1135 2123 secundam
1153 2079 1267 2119 sexti
1286 2077 1613 2119 Elementorum

82 2150 280 2192 Euclidis
301 2152 419 2204 quod
446 2153 678 2206 proporcio
701 2153 781 2192 EF
803 2151 858 2192 ad
883 2151 919 2191 F
925 2150 964 2191 G
986 2150 1041 2192 sit
1064 2149 1229 2198 eadem,
1254 2161 1337 2200 que
1359 2151 1423 2187 est
1447 2144 1535 2185 EH
1558 2144 1614 2184 ad

24 2242 64 2274 30
83 2221 185 2263 ΗΟ.
248 2221 381 2274 Ergo,
404 2221 492 2262 ΕΗ
515 2229 560 2264 et
584 2222 675 2264 ΗΟ
694 2228 795 2263 sunt
817 2220 1004 2275 equales.
1068 2217 1147 2259 Set
1166 2217 1253 2257 HF
1274 2222 1340 2256 est
1362 2213 1500 2266 major
1526 2212 1614 2252 HE

81 2303 157 2344 per
178 2296 275 2344 19am
298 2291 426 2344 primi
440 2292 770 2334 Elementorum
790 2289 998 2337 Euclidis,
1019 2301 1137 2341 ergo,
1160 2286 1244 2326 HF
1266 2290 1332 2326 est
1350 2283 1489 2336 major
1509 2281 1613 2331 ΗΟ,

23 2386 26 2388 -
82 2372 185 2413 ergo
207 2373 285 2413 per
306 2361 488 2402 eandem
510 2366 612 2415 19³²m
634 2361 676 2401 in
699 2358 919 2413 triangulo
939 2356 1070 2398 HFO
1099 2354 1103 2409 Ι
1132 2354 1318 2408 angulus
1336 2352 1374 2394 O
1393 2358 1459 2393 est
1477 2350 1616 2403 major
1639 2362 1699 2385 100
1714 2352 1735 2383 b
1754 2363 1783 2384 2-

126 2482 147 2513 8
171 2483 433 2524 Ptholomeus]
452 2484 631 2524 Almagest
648 2484 667 2516 i.
687 2494 718 2522 3.
811 2493 832 2522 9
855 2478 1105 2519 Aspeetuum]
1123 2477 1278 2508 Alhazen
1295 2475 1350 2507 vii.
1361 2484 1413 2514 51.
1508 2483 1546 2513 15
1571 2475 1615 2504 de

82 2536 178 2566 Visu
193 2539 231 2567 et,
247 2536 494 2577 Aspeetibus]
512 2536 639 2576 Optica
657 2534 818 2574 Euclidis,
838 2543 933 2574 prop.
952 2543 983 2571 4.

131 2646 145 2666 1
171 2635 344 2677 obliquos]
363 2640 474 2667 rectos
490 2634 534 2665 M
628 2644 647 2664 2
672 2631 843 2673 orizonte]
862 2632 992 2662 oriente
1010 2629 1052 2660 M
1152 2639 1171 2667 3
1196 2628 1329 2659 videtur
1345 2624 1409 2665 bis]
1428 2627 1569 2663 apparet
1587 2622 1618 2653 Ο

84 2698 104 2727 4
127 2687 198 2730 vel]
232 2692 266 2719 et
295 2687 326 2718 O
457 2689 478 2718 6
501 2685 706 2726 appareant]
733 2688 899 2724 apparent
932 2683 962 2713 O
1110 2691 1148 2711 21
1175 2680 1306 2710 oriente
1338 2677 1389 2707 vel
1423 2674 1616 2715 occidente]

83 2739 236 2770 orizonte
255 2739 285 2770 O
504 2739 612 2778 25-26
636 2742 670 2768 et
686 2761 693 2769 .
712 2761 718 2768 .
738 2760 745 2768 .
766 2741 841 2767 ortu
859 2745 924 2766 om.
943 2734 983 2764 M
1200 2732 1241 2761 28
1264 2727 1465 2768 secundam]
1483 2727 1565 2756 26³²¹¹¹
1582 2725 1623 2755 M

83 2800 136 2832 31,
156 2801 198 2832 32
217 2793 317 2835 19am]
335 2802 378 2832 29
408 2792 450 2823 M
