1945 3079
807 118 887 170 367

25 232 27 235 ’
79 228 223 269 alcius.
290 228 533 280 Dyameter
556 228 686 281 igitur
708 228 823 280 ciphi
847 229 929 270 erit
957 231 1090 271 corda
1113 233 1342 286 utrobique
1365 234 1412 280 si,
1437 232 1615 281 scilicet,

79 310 193 350 aqua
219 295 474 337 refundatur
496 297 729 349 utrobique
757 303 970 350 quantum
992 300 1197 350 possibile
1226 308 1304 342 est.
1367 301 1444 343 Set
1465 308 1614 342 tamen

79 366 235 406 eadem
258 372 301 407 et
329 365 470 418 equali
502 378 616 418 aqua
647 372 901 406 remanente
930 368 1062 407 corda
1088 369 1166 408 erit
1198 370 1337 409 minor
1359 371 1400 410 in
1429 370 1614 411 inferiori

78 434 176 476 loco
198 448 331 488 quam
365 435 407 474 in
439 434 663 487 superiori,
691 434 793 487 quia
826 434 1002 475 inferius
1035 449 1149 488 aqua
1181 436 1316 490 fugiet
1351 452 1376 479 a
1409 438 1616 479 lateribus

41 523 59 555 5
77 503 193 558 ciphi
215 511 259 545 et
281 502 644 556 coangustabitur
666 502 709 542 in
734 503 946 543 minorem
969 517 1159 556 speram.

137 571 185 613 Si
216 572 385 613 dicatur
416 571 534 624 quod
568 571 651 611 ista
683 584 783 624 pars
816 585 929 624 aque
960 585 1046 624 que
1078 579 1143 613 est
1174 587 1304 627 super
1335 574 1613 627 dyametrum

77 639 193 694 ciphi
225 653 313 681 non
336 646 402 682 est
434 639 584 692 porcio
617 639 799 692 alicujus
830 652 957 692 spere
989 641 1102 681 circa
1134 648 1332 682 centrum
1366 644 1517 684 mundi
1549 650 1613 684 set

77 709 112 748 si
154 715 221 750 est
252 709 400 763 porcio
432 721 546 761 aque
578 707 769 761 speralis,
803 714 983 761 propter
1015 709 1308 761 spericitatem
1339 711 1483 761 vasis;
1530 712 1614 752 hoc

77 785 198 835 patet
240 791 335 819 esse
368 777 537 827 salsum,
570 789 671 817 narn
705 777 848 817 ductis
880 790 905 816 a
937 784 1087 817 centro
1124 779 1275 818 mundi
1307 779 1447 820 tribus
1478 779 1614 829 lineis,

21 865 59 889 10
76 848 244 890 scilicet
279 845 449 887 duabus
484 847 539 887 ad
576 846 886 887 extremitates
918 846 1135 899 porcionis
1167 859 1280 899 aque
1317 854 1359 888 et
1394 848 1528 888 tercia
1558 849 1613 888 ad

78 916 273 958 medium
304 915 443 967 illius;
476 922 580 956 tunc
610 915 645 956 si
678 914 751 956 illa
783 928 898 968 aqua
928 914 984 955 sit
1015 914 1144 968 plane
1176 915 1313 968 figure
1344 923 1469 957 erunt
1501 916 1614 956 linee

76 985 313 1039 inequales.
339 983 345 1040 Ι
375 984 454 1026 Set
482 984 565 1024 hoc
592 997 686 1024 esse
712 997 801 1025 non
833 990 982 1037 posset
1013 985 1117 1037 quia
1148 998 1263 1037 aqua
1290 997 1462 1038 semper
1483 986 1613 1026 currit
1632 986 1673 1018 O.
1694 985 1732 1017 26
1749 997 1779 1018 a.

77 1055 132 1096 ad
156 1054 401 1095 inferiorem
430 1053 589 1104 locum,
614 1067 720 1106 ergo
749 1059 925 1105 oportet
947 1054 1066 1107 quod
1097 1054 1168 1094 ille
1194 1053 1308 1095 linee
1330 1055 1416 1095 sint
1437 1055 1614 1107 equales

74 1123 254 1178 quando
293 1123 641 1164 terminabuntur
676 1122 732 1163 ad
776 1123 1092 1163 concavitatem
1127 1124 1344 1176 porcionis
1383 1123 1527 1164 circuli
1570 1130 1613 1164 et

18 1210 56 1243 15
75 1205 202 1246 spere
238 1199 282 1233 et
315 1192 370 1233 ad
406 1191 729 1232 convexitatem
765 1191 901 1245 ipsius
939 1198 986 1232 ut
1023 1192 1142 1245 prius
1176 1192 1410 1245 probatum
1442 1199 1532 1234 est:
1569 1200 1613 1233 et

75 1262 173 1302 ideo
194 1266 392 1301 centrum
415 1260 546 1313 hujus
570 1274 695 1314 spere
717 1260 795 1301 erit
819 1267 1017 1301 centrum
1041 1261 1206 1301 mundi.

132 1326 179 1369 Si
209 1341 314 1368 vero
346 1327 514 1368 dicatur
545 1327 663 1379 quod
694 1340 810 1380 aqua
841 1328 997 1367 eadem
1028 1340 1115 1368 non
1143 1327 1223 1367 erit
1255 1327 1405 1380 porcio
1437 1327 1614 1380 majoris

74 1409 200 1450 spere
221 1402 264 1436 et
297 1396 477 1437 minoris
508 1396 620 1436 circa
652 1402 850 1435 centrum
876 1395 1027 1436 mundi
1059 1396 1160 1448 quia
1191 1402 1398 1448 sequetur
1426 1394 1611 1449 figuram

76 1466 192 1506 vasis
213 1470 256 1506 et
278 1465 472 1518 quiescet
494 1465 538 1504 in
569 1478 650 1504 suo
673 1464 782 1514 Ιοςο,
805 1471 848 1506 et
870 1465 931 1505 sic
953 1477 1126 1518 semper
1148 1464 1229 1504 erit
1251 1465 1399 1518 porcio
1421 1465 1547 1504 unius
1569 1472 1614 1506 et

17 1553 56 1576 20
74 1533 272 1588 ejusdem
302 1546 427 1587 spere
467 1539 511 1573 et
553 1534 653 1573 ideo
690 1546 777 1573 non
819 1533 1034 1574 coartabit
1075 1546 1135 1584 se,
1166 1546 1280 1573 nunc
1323 1533 1365 1573 in
1400 1533 1611 1572 minorem

74 1616 248 1662 speram
272 1616 383 1644 nunc
410 1603 452 1643 in
476 1602 689 1656 majorem
711 1602 832 1655 quod
856 1608 1104 1655 oporteret:
1137 1602 1370 1643 dicendum
1393 1608 1458 1643 est
1490 1603 1610 1655 quod

74 1672 146 1721 sic,
187 1672 396 1725 quoniam
438 1672 618 1725 quando
659 1671 793 1712 alcius
825 1671 1020 1711 elevatur
1051 1678 1094 1711 et
1132 1671 1310 1711 inferius
1351 1671 1612 1724 deprimitur

74 1755 247 1795 semper
277 1756 355 1796 per
386 1742 574 1783 eandem
608 1748 811 1782 naturam
847 1740 1073 1794 gravitatis
1109 1740 1240 1780 currit
1273 1741 1329 1780 ad
1363 1739 1609 1780 inferiorem

73 1811 216 1853 locum
235 1818 434 1865 respectu
457 1810 592 1852 centri
608 1810 772 1862 mundi,
791 1823 894 1862 ergo
916 1809 1055 1850 tribus
1076 1808 1200 1849 lineis
1223 1809 1283 1849 eis
1305 1808 1446 1849 ductis
1468 1808 1611 1861 primo

14 1897 53 1929 ²5
73 1880 246 1921 inferius
292 1893 429 1934 usque
470 1881 527 1920 ad
568 1879 895 1920 convexitatem
938 1878 1117 1918 minoris
1167 1891 1291 1931 spere
1332 1883 1375 1917 et
1417 1878 1610 1918 secundo

72 1949 270 2002 superius
303 1961 440 2001 usque
461 1949 517 1989 ad
547 1947 876 1989 convexitatem
901 1947 1095 2000 majoris,
1114 1959 1229 1998 aqua
1261 1946 1413 1986 eadem
1437 1958 1609 1999 semper

72 2024 216 2058 curret
238 2018 294 2058 ad
317 2017 410 2058 loca
433 2016 648 2067 inferiora,
670 2016 704 2056 si
731 2016 877 2069 capita
903 2015 1074 2056 illarum
1104 2015 1315 2055 linearum
1345 2014 1475 2054 trium
1498 2027 1584 2053 non
1603 2011 1606 2068 Ι

71 2093 215 2128 essent
252 2086 448 2140 ejusdem
486 2085 732 2126 altitudinis
766 2086 808 2124 in
845 2097 933 2124 uno
974 2083 1085 2133 loco,
1125 2083 1300 2130 scilicet,
1337 2082 1523 2123 inferiori
1565 2088 1608 2123 et
1630 2090 1779 2123 106b2.

70 2155 293 2210 superiori.
346 2154 425 2197 Set
446 2160 668 2209 oporteret
683 2154 802 2207 quod
825 2154 867 2193 in
884 2153 983 2193 loco
998 2151 1185 2193 inferiori
1200 2151 1286 2192 sint
1303 2151 1415 2192 linee
1433 2150 1609 2204 equales

11 2239 53 2272 30
71 2225 329 2274 adinvicem,
351 2230 395 2265 et
417 2223 616 2264 similiter
638 2223 681 2262 in
702 2222 797 2264 loco
819 2222 1030 2276 superiori
1053 2234 1130 2275 per
1151 2221 1408 2274 predictam.
1461 2219 1614 2272 Quare

73 2294 228 2336 eadem
269 2307 385 2347 aqua
422 2293 612 2333 mutabit
653 2290 908 2332 naturaliter
939 2291 1071 2331 situm
1108 2302 1284 2330 suarum
1321 2288 1528 2343 parcium,
1560 2294 1610 2329 ut

71 2363 113 2404 in
147 2363 358 2417 superiori
394 2362 491 2403 loco
525 2362 579 2402 sit
610 2362 760 2415 porcio
798 2360 974 2414 majoris
1011 2372 1135 2412 spere
1172 2365 1215 2399 et
1253 2359 1296 2398 in
1330 2357 1518 2398 inferiori
1554 2358 1610 2397 sit

115 2503 135 2523 2
159 2491 375 2533 refundatur]
392 2491 589 2523 infundatur
606 2490 637 2522 O
727 2488 907 2530 quantum]
925 2489 953 2520 si
970 2494 1086 2520 tamen
1105 2488 1136 2520 Ο
1224 2500 1243 2527 4
1268 2488 1390 2529 fugiet]
1409 2488 1555 2527 refugiet
1571 2487 1614 2518 M

70 2545 92 2575 6
115 2544 196 2585 ista]
215 2544 272 2575 illa
287 2543 319 2575 Ο
431 2554 449 2583 7
473 2542 632 2584 alicujus]
649 2543 737 2573 alius
753 2542 783 2573 Ο
849 2542 939 2572 circa
957 2564 964 2572 .
986 2565 994 2573 .
1014 2566 1020 2572 .
1038 2541 1155 2572 mundi
1173 2552 1239 2573 om.
1258 2540 1300 2571 M
1405 2541 1426 2571 8
1449 2541 1477 2570 si
1496 2551 1560 2570 om.
1573 2540 1615 2570 M

70 2601 212 2637 propter
229 2621 236 2629 .
254 2621 261 2628 .
279 2620 286 2627 .
306 2596 398 2627 vasis
413 2607 480 2627 om.
496 2595 527 2626 O
635 2604 674 2626 10
689 2594 820 2625 duabus
834 2604 901 2625 om.
915 2592 958 2624 M
1057 2593 1162 2624 tercia
1177 2603 1245 2624 om.
1259 2592 1301 2622 M
1402 2603 1440 2632 14
1457 2591 1610 2633 quando]

71 2658 176 2688 quare
194 2648 225 2679 O
293 2648 467 2688 porcionis
484 2658 549 2680 om.
569 2646 600 2678 Ο
721 2655 760 2685 15
785 2645 909 2686 ipsius]
927 2645 1078 2684 ejusdem
1099 2644 1130 2675 Ο
1196 2644 1393 2686 probatum]
1413 2644 1561 2675 habitum
1580 2643 1611 2675 Ο

73 2709 176 2740 17—21
203 2700 240 2732 Si
257 2726 264 2732 .
283 2725 290 2733 .
310 2725 317 2733 .
336 2704 514 2741 oporteret
529 2710 596 2730 om.
616 2699 658 2729 M
802 2707 844 2737 23
868 2696 1062 2738 gravitatis]
1080 2698 1228 2736 gravitas
1243 2696 1286 2726 M
1414 2706 1456 2735 24
1480 2695 1610 2737 ductis]

70 2752 171 2784 dictis
198 2753 229 2784 Ο
369 2761 410 2792 25
435 2750 704 2792 convexitatem]
732 2750 977 2781 concavitatem
1007 2749 1038 2780 O
1178 2750 1221 2779 26
1243 2747 1417 2789 superius]
1446 2748 1551 2779 alcius
1581 2747 1612 2779 Ο

70 2813 111 2843 27
128 2804 180 2846 si]
198 2809 250 2835 set
266 2803 308 2834 M
372 2804 471 2835 trium
490 2814 557 2835 om.
578 2803 620 2833 M
726 2812 769 2842 29
792 2801 983 2842 oporteret]
1002 2805 1134 2841 oportet
1153 2799 1184 2831 O
1265 2810 1308 2840 30
1331 2799 1460 2843 Quare]
1479 2800 1556 2839 quia
1573 2799 1615 2830 M
