1945 3079
155 2029 283 2070 92b1.

1035 115 1120 157 314

301 221 379 261 nisi
415 221 534 273 quod
565 219 805 273 aliquando
838 233 955 272 aqua
987 219 1156 261 elevata
1188 233 1213 260 a
1245 226 1371 268 terra,
1404 224 1553 273 potest
1584 232 1658 260 aer
1685 216 1853 272 ingredi

302 304 327 330 a
365 289 500 330 latere
529 288 597 330 vel
630 303 705 330 aer
735 288 931 330 elevatur
961 303 1038 344 per
1070 289 1310 343 ingressum
1344 303 1469 342 aque,
1501 295 1545 330 et
1576 287 1757 341 quando
1787 291 1855 328 est

303 358 401 400 talis
433 358 651 412 ingressus
674 358 835 400 accidit
857 358 970 400 sicut
997 360 1053 399 de
1084 358 1257 408 tabulis,
1280 365 1342 409 ut,
1364 358 1544 410 scilicet,
1567 371 1652 398 non
1676 357 1734 397 sit
1753 355 1854 397 talis

299 427 494 469 elevacio
526 427 609 469 sub
641 427 784 482 equali
817 427 1085 482 figuracione
1117 428 1159 468 in
1189 428 1309 468 omni
1340 435 1475 481 parte.
1537 427 1729 481 Quando
1750 438 1855 466 vero

299 511 387 538 non
422 504 489 539 est
520 511 679 552 corpus
710 498 890 539 tertium
923 498 1175 552 ingrediens
1213 511 1300 538 non
1338 504 1523 552 possunt
1555 494 1854 555 ele'varilquia

300 575 456 609 natura
473 568 566 609 vult
589 568 966 609 continuacionem
991 581 1225 622 corporum
1251 567 1516 611 naturalium
1534 565 1601 607 vel
1624 565 1853 618 contigua-

300 637 483 689 cionem,
506 651 592 691 que
615 643 716 679 sunt
738 637 1056 679 affirmaciones
1079 651 1156 691 per
1177 651 1287 690 quas
1309 643 1494 691 negatur
1513 644 1726 677 vacuum:

360 707 490 758 Item,
513 708 547 749 si
571 708 717 761 posita
740 707 995 748 diversitate
1017 707 1215 760 corporis
1238 707 1343 748 recti
1371 713 1414 748 et
1438 706 1613 748 rotundi
1636 703 1852 757 intelliga-

302 791 399 819 mus
429 791 481 818 ea
510 777 719 831 conjungi
751 777 843 818 sine
871 777 1028 829 medio,
1062 783 1106 818 et
1133 777 1446 831 ymaginemur
1473 776 1634 817 lineam
1666 774 1852 816 transire

301 860 380 901 per
412 847 607 888 medium
644 847 882 900 utriusque,
923 860 1024 887 cum
1067 860 1155 887 non
1196 853 1383 900 possunt
1415 845 1579 900 signari
1611 844 1655 885 in
1696 843 1853 885 eadem

299 915 413 957 linea
445 916 534 957 duo
571 923 735 970 puncta
776 916 818 956 in
862 916 1022 969 quibus
1064 915 1314 970 superficies
1355 915 1575 957 dictorum
1618 926 1854 967 corporum

300 986 505 1026 datorum
538 992 738 1026 secarent
770 985 929 1026 lineam
974 985 1108 1034 illam,
1142 986 1247 1039 quia
1289 990 1393 1026 tunc
1431 985 1545 1025 inter
1581 983 1656 1025 illa
1689 988 1854 1037 puncta

299 1060 415 1096 esset
455 1055 683 1104 distancia,
725 1055 849 1108 cujus
891 1055 1147 1108 oppositum
1183 1054 1377 1108 positum
1410 1060 1489 1105 est,
1523 1059 1701 1108 oportet
1733 1052 1854 1106 quod

298 1123 552 1178 superficies
585 1123 760 1165 illorum
805 1137 1038 1178 corporum
1083 1130 1230 1165 secent
1263 1123 1384 1164 illam
1416 1123 1577 1164 lineam
1616 1123 1660 1163 in
1693 1122 1852 1166 eodem

300 1200 477 1247 puncto,
499 1208 633 1247 quare
654 1200 782 1236 erunt
805 1194 1029 1243 continua,
1052 1194 1153 1248 quia
1175 1194 1390 1235 terminus
1409 1200 1474 1235 est
1498 1206 1623 1235 unus.
1668 1185 1854 1235 Solebat

275 1291 281 1298 -
300 1263 387 1304 dici
411 1264 530 1316 quod
555 1264 668 1304 inter
689 1269 853 1317 puncta
876 1263 919 1304 in
941 1264 1099 1305 eodem
1117 1263 1318 1317 subjecto
1339 1263 1457 1305 cadit
1479 1262 1694 1304 distancia
1709 1262 1856 1304 media

302 1338 369 1374 set
401 1346 490 1373 non
522 1333 636 1373 inter
668 1339 831 1386 puncta
861 1332 904 1372 in
934 1332 1117 1373 diversis
1151 1333 1262 1374 sicut
1294 1332 1364 1373 hic
1395 1339 1461 1374 set
1490 1332 1574 1373 hoc
1608 1330 1742 1373 nichil
1772 1337 1852 1373 est.

304 1401 421 1442 Nam
448 1401 669 1454 loquimur
690 1402 746 1442 de
769 1402 942 1456 punctis
970 1402 1197 1455 signandis
1220 1402 1262 1442 in
1290 1402 1372 1443 hac
1395 1401 1507 1443 linea
1529 1407 1784 1443 transeunte
1810 1406 1854 1442 et

303 1485 391 1512 non
413 1471 455 1511 in
479 1472 733 1525 corporibus
756 1471 853 1523 hiis,
876 1471 979 1525 quia
1006 1486 1105 1526 pars
1128 1471 1241 1513 linee
1271 1472 1351 1513 erit
1374 1472 1532 1519 media,
1555 1477 1598 1512 et
1621 1471 1681 1512 ita
1715 1470 1853 1526 longi-

303 1542 414 1583 tudo
443 1541 667 1583 distancie.
730 1541 1016 1596 Quapropter
1049 1541 1116 1583 vel
1151 1555 1339 1583 vacuum
1371 1541 1440 1583 vel
1478 1555 1637 1595 corpus
1669 1540 1852 1582 tercium

303 1611 418 1652 inter
458 1624 510 1651 ea
551 1624 637 1665 que
678 1612 908 1664 supposita
950 1617 1050 1652 sunt
1088 1612 1182 1652 sine
1225 1611 1461 1653 distancia:
1510 1616 1691 1665 propter
1731 1610 1851 1664 quod

304 1685 478 1734 oportet
509 1694 676 1733 ponere
712 1681 832 1733 quod
871 1681 1122 1735 superficies
1161 1680 1234 1721 ille
1265 1688 1412 1722 secent
1445 1680 1609 1721 lineam
1653 1679 1772 1721 illam
1810 1680 1853 1720 in

303 1750 460 1790 eodem
488 1756 665 1804 puncto,
688 1756 755 1791 set
777 1751 881 1803 quia
913 1764 1000 1792 non
1027 1758 1094 1793 est
1119 1751 1329 1791 terminus
1359 1750 1532 1791 illorum
1562 1756 1628 1791 set
1655 1749 1853 1803 parcium

304 1818 428 1868 linee,
461 1819 559 1860 ideo
592 1832 679 1860 non
712 1821 910 1873 sequitur
941 1821 1062 1874 quod
1096 1834 1279 1875 corpora
1312 1819 1387 1861 illa
1418 1820 1505 1861 sint
1535 1820 1754 1871 continua,
1787 1825 1854 1861 set

302 1889 419 1941 quod
444 1896 591 1941 partes
613 1888 724 1929 linee
747 1896 848 1930 sunt
869 1890 1090 1932 continue.

364 1956 411 1998 Si
443 1957 612 1998 dicatur
644 1960 763 2011 quod
795 1958 1047 2012 superficies
1078 1965 1178 2000 sunt
1210 1958 1450 2000 divisibiles
1482 1965 1527 2000 et
1569 1964 1758 2011 punctus
1788 1963 1854 1999 est

305 2026 480 2080 penitus
507 2024 512 2080 Ι
541 2026 814 2068 indivisibilis
836 2035 1017 2081 propter
1042 2030 1160 2082 quod
1184 2042 1270 2069 non
1293 2028 1541 2069 transibunt
1563 2028 1648 2069 due
1670 2026 1854 2082 superfi-

305 2095 392 2137 cies
435 2109 568 2149 penes
610 2097 766 2150 ipsum,
810 2098 1043 2139 dicendum
1087 2098 1207 2151 quod
1252 2098 1294 2138 in
1336 2104 1552 2151 quantum
1599 2096 1853 2151 superficies

303 2165 540 2205 divisibiles
562 2172 674 2213 sunt,
698 2178 783 2206 non
808 2170 1035 2207 transeunt
1058 2180 1134 2221 per
1157 2173 1383 2220 punctum,
1406 2172 1472 2207 set
1496 2173 1544 2207 ut
1568 2165 1852 2207 indivisibiles

1873 510 1892 543 5

1879 858 1917 881 10

1877 1203 1915 1237 ¹5

1875 1557 1918 1580 20

302 2240 429 2285 sunt;
462 2241 505 2275 et
538 2234 620 2275 hoc
649 2241 714 2274 est
743 2235 985 2275 secundum
1015 2234 1297 2290 profundum,
1321 2243 1366 2278 et
1397 2237 1457 2278 sic
1483 2242 1662 2289 possent
1684 2234 1853 2277 infinite
1873 2249 1916 2280 30

302 2303 430 2343 simul
453 2304 637 2344 transire
664 2317 742 2356 per
772 2303 1049 2354 indivisibile,
1072 2306 1175 2358 quia
1204 2305 1324 2347 nulla
1354 2319 1432 2359 per
1459 2319 1506 2346 se
1537 2318 1616 2344 nec
1648 2305 1853 2347 similiter

303 2371 467 2412 habent
504 2372 670 2413 infinite
706 2374 1002 2415 diversitatem
1041 2375 1284 2415 secundum
1321 2374 1602 2428 profundum.
1668 2374 1784 2416 Item
1817 2376 1852 2417 si

302 2441 527 2494 signentur
548 2442 637 2483 duo
662 2449 827 2495 puncta
849 2444 891 2483 in
915 2444 1062 2485 medio
1084 2445 1356 2485 diversorum
1383 2457 1615 2498 corporum
1645 2446 1850 2486 datorum

302 2510 394 2550 sine
417 2511 563 2552 medio
585 2512 917 2565 conjunctorum
947 2527 972 2553 a
1001 2514 1161 2567 quibus
1191 2514 1364 2568 punctis
1393 2514 1448 2554 ad
1481 2513 1664 2554 tercium
1691 2527 1852 2568 corpus

346 2599 366 2627 3
390 2588 466 2620 talis
479 2589 533 2621 alt.
550 2600 616 2621 om.
636 2591 666 2621 O
748 2593 768 2622 8
794 2591 888 2631 Item,
902 2592 948 2634 si]
966 2592 1003 2623 Si
1020 2603 1101 2623 vero
1121 2592 1151 2623 O
1234 2603 1273 2624 10
1297 2593 1435 2634 eadem]
1449 2603 1489 2624 ea
1504 2592 1535 2623 O
1620 2603 1655 2623 11
1683 2593 1852 2624 dictorum

303 2651 371 2671 om.
393 2641 423 2671 O
530 2652 568 2682 19
593 2643 676 2685 hiis]
694 2644 761 2674 hiis
779 2645 923 2676 diversis
943 2645 973 2675 O
1094 2656 1132 2675 21
1160 2645 1354 2686 supposita]
1374 2656 1464 2676 nunc
1483 2646 1592 2684 posita
1612 2644 1643 2675 Ο
1752 2647 1794 2676 28
1818 2646 1851 2676 in

303 2698 464 2732 quantum
483 2704 550 2726 om.
570 2694 601 2725 O
743 2706 786 2735 29
811 2697 1015 2738 divisibiles]
1033 2702 1069 2728 ut
1088 2698 1275 2729 divisibiles
1295 2697 1326 2728 O
1416 2698 1610 2738 transeunt]
1629 2696 1852 2739 transi(b)unt

304 2744 345 2774 M
474 2756 514 2785 31
541 2747 713 2789 similiter]
733 2748 831 2779 simul
852 2749 882 2780 O
1015 2759 1057 2788 32
1081 2750 1284 2791 secundum]
1303 2750 1357 2781 vel
1378 2750 1408 2781 O
1500 2749 1584 2780 Item
1602 2749 1648 2791 si]
1668 2750 1704 2782 Si
1721 2760 1802 2781 vero
1822 2748 1853 2780 Ο

304 2806 345 2834 34
371 2798 514 2839 corpus]
534 2809 658 2839 corpus
675 2801 929 2841 superpositum
947 2801 1001 2832 vel
1021 2804 1052 2833 ζ)
