1945 3079
117 261 214 284 120a
234 262 261 283 2.

132 2192 233 2223 120b
252 2201 278 2224 1.

357 252 573 324 Incipit
595 251 798 322 quinta
815 253 967 322 pars
993 250 1389 304 sec‘imdilibri
1417 248 1423 320 Ι
1465 250 1834 304 naturalium

287 350 387 414 <de
440 347 844 420 magnitudine
888 351 944 401 et
992 347 1303 401 altitudine
1355 351 1411 401 el
1457 346 1837 420 spissitudine

284 449 588 514 celestium,
617 447 832 500 liabens
859 445 1117 518 capitula
1147 445 1583 508 novemdecim).

349 568 601 624 Capitulum
614 567 814 621 primum
840 566 919 621 <de
940 567 1186 620 quantitate
1206 580 1337 608 arcus
1358 565 1516 620 terre).

345 661 604 702 Terminata
630 665 755 715 parte
778 659 820 700 in
843 673 931 712 qua
959 659 1323 713 investigavimus
1351 672 1584 700 numerum
1614 663 1657 699 et
1680 657 1840 711 figura·
1858 676 1876 710 5

287 731 436 772 ciones
488 743 723 783 corporum
766 729 919 770 mundi
963 735 1007 770 et
1060 734 1220 778 motus
1264 727 1635 786 considerandum
1678 732 1743 768 est
1785 727 1841 768 de

289 799 593 854 magnitudine
619 804 663 840 et
694 798 926 839 altitudine
957 804 1001 839 et
1029 797 1315 851 spissitudine
1346 797 1586 839 celestium.
1647 795 1725 837 Ad
1756 795 1841 838 hec

287 876 437 911 autem
480 868 801 909 consideranda
844 879 1021 908 necesse
1071 873 1138 908 est
1185 880 1349 920 ponere
1399 866 1596 920 aliquam
1646 865 1842 907 radicem

289 945 453 980 notam.
519 938 616 978 Hec
647 942 796 978 autem
829 942 894 977 est
927 935 1151 990 quantitas
1182 949 1308 976 arcus
1340 942 1455 977 terre
1485 949 1572 988 que
1604 934 1843 988 respondet

289 1009 363 1048 uni
385 1007 540 1060 gradui
562 1007 606 1046 in
628 1005 722 1046 celo
746 1006 988 1047 secundum
1011 1005 1131 1058 quod
1155 1005 1284 1046 docet
1306 1004 1624 1058 Alphraganus
1647 1003 1843 1058 capitulo
1865 1021 1904 1046 10

289 1083 447 1117 octavo
470 1081 514 1116 et
536 1075 764 1127 Averroys
787 1075 1006 1115 consentit
1027 1075 1070 1114 in
1093 1073 1178 1115 fine
1206 1069 1298 1116 Celz'
1323 1081 1366 1116 et
1394 1072 1573 1115 Mundi.
1639 1073 1717 1114 Isti
1741 1064 1845 1114 vero

291 1147 397 1187 dant
421 1146 601 1186 modum
620 1143 890 1185 certificandi
908 1143 992 1185 hoc
1010 1143 1054 1184 in
1078 1157 1262 1184 numero
1282 1143 1565 1184 miliariorum
1588 1149 1632 1184 et
1647 1142 1844 1196 parcium

290 1215 396 1269 ejus.
460 1214 747 1255 Ptholomeus
765 1220 913 1255 autem
933 1214 976 1254 in
994 1214 1149 1267 quinta
1164 1211 1418 1267 Almagesti
1432 1213 1626 1254 diceione
1647 1212 1846 1266 procedit

290 1299 370 1339 per
403 1284 520 1325 viam
555 1283 950 1325 demonstracionis
992 1280 1151 1324 diffuse
1193 1283 1235 1324 in
1269 1283 1520 1336 quantitate
1561 1282 1845 1341 altitudinum

293 1355 408 1396 Solis
435 1360 477 1394 et
501 1353 638 1403 Lune,
657 1360 701 1393 et
724 1353 767 1393 in
790 1366 943 1393 eorum
975 1353 1293 1406 magnitudine.
1358 1351 1435 1394 Set
1463 1364 1550 1392 non
1573 1353 1651 1394 dat
1673 1352 1847 1406 quanti·
1867 1365 1905 1400 15

291 1429 431 1464 tatem
455 1429 620 1463 certam
645 1435 722 1474 per
736 1435 969 1462 numerum
991 1421 1291 1472 miliariorum,
1308 1434 1387 1462 nec
1405 1423 1459 1463 de
1473 1421 1570 1463 aliis
1587 1421 1847 1476 corporibus

292 1492 526 1534 celestibus
550 1492 815 1532 determinat
838 1491 1148 1544 quantitatem.
1213 1491 1405 1546 Oportet
1437 1492 1568 1544 igitur
1599 1503 1847 1545 supponere

294 1576 352 1603 ex
375 1562 580 1616 predictis
612 1562 655 1601 in
689 1562 902 1602 mensuris
933 1561 1223 1614 geometricis,
1248 1561 1368 1613 quod
1401 1561 1573 1601 cubitus
1600 1559 1769 1614 equalis
1802 1566 1848 1601 et

292 1631 584 1686 geometricus
606 1631 827 1672 contineat
857 1632 1018 1684 pedem
1048 1637 1092 1672 et
1118 1631 1365 1682 dimidium,
1389 1636 1432 1671 et
1460 1630 1628 1671 miliare
1650 1630 1848 1671 continet
1888 1678 1890 1680 ,

292 1712 408 1751 4000
430 1701 613 1750 cubitos,
637 1705 681 1740 et
703 1699 762 1741 sic
784 1700 944 1752 accipit
971 1699 1287 1754 Alphraganus
1310 1699 1353 1740 in
1379 1699 1734 1741 consideracione
1755 1712 1848 1739 sua.
1869 1715 1909 1738 20

296 1770 456 1812 Omnis
481 1776 630 1811 autem
654 1768 837 1810 circulus
859 1783 986 1823 spere
1009 1775 1157 1822 potest
1185 1769 1321 1810 dividi
1351 1769 1393 1809 in
1417 1768 1502 1823 360
1531 1774 1678 1822 partes
1695 1780 1847 1808 secun-

296 1840 402 1880 dum
426 1839 547 1893 quod
574 1839 694 1892 prius
721 1839 889 1880 dictum
920 1845 999 1887 est,
1022 1852 1107 1892 que
1137 1838 1300 1893 gradus
1329 1844 1555 1879 vocantur.
1621 1836 1849 1890 Intelliga-

298 1923 396 1949 mus
427 1909 498 1949 hic
531 1908 778 1949 maximum
809 1907 1020 1949 circulum
1053 1908 1097 1948 in
1124 1922 1251 1962 spera
1274 1907 1437 1958 celesti,
1463 1906 1537 1960 qui
1559 1912 1752 1948 transeat
1773 1919 1850 1960 per

297 1984 495 2020 centrum
541 1985 585 2019 et
622 1978 792 2019 dividat
833 1991 1008 2031 speram
1053 1978 1096 2018 in
1139 1977 1249 2018 duas
1290 1983 1437 2030 partes
1480 1975 1672 2029 equales.
1736 1975 1850 2017 Dico

297 2047 430 2102 igitur
451 2048 570 2101 quod
593 2048 665 2088 uni
688 2048 845 2102 gradui
867 2048 991 2089 istius
1014 2047 1158 2088 circuli
1182 2048 1225 2087 in
1247 2046 1341 2088 celo
1360 2045 1687 2101 respondebunt
1709 2044 1850 2087 multa
1870 2059 1909 2094 25

299 2117 483 2157 miliaria
506 2117 550 2157 in
573 2122 700 2167 terra,
723 2117 846 2170 cujus
869 2117 1196 2171 experienciam
1228 2116 1369 2157 innuit
1392 2114 1664 2170 Alfraganus
1686 2114 1729 2155 in
1750 2114 1852 2164 hoc,

297 2186 415 2239 quod
445 2184 451 2241 Ι
478 2192 660 2240 accepta
694 2186 737 2226 in
773 2186 885 2227 alico
921 2186 1021 2228 1000
1060 2185 1311 2227 elevacione
1347 2184 1437 2238 poli
1469 2198 1601 2238 super
1636 2184 1849 2233 orizonta,

298 2261 340 2296 et
376 2255 708 2307 perambuletur
749 2255 805 2295 ad
849 2251 1194 2308 septentrionem
1236 2253 1305 2295 vel
1350 2254 1579 2295 meridiem
1621 2243 1851 2306 usquequo

299 2324 514 2365 elevacior
555 2323 684 2377 polus
722 2330 906 2378 apparet
948 2323 1017 2364 vel
1060 2323 1307 2378 depressior
1349 2337 1428 2377 per
1472 2323 1660 2376 gradum
1701 2334 1852 2372 unum,

299 2393 516 2434 invenitur
533 2393 758 2445 quantitas
782 2393 1066 2433 miliariorum
1091 2399 1204 2434 terre
1225 2406 1311 2445 que
1333 2391 1572 2446 respondet
1594 2391 1669 2432 uni
1691 2389 1848 2445 gradui
1870 2405 1912 2438 30

299 2463 343 2502 in
366 2461 475 2503 celo.
537 2462 656 2503 Nam
686 2463 720 2503 si
750 2462 792 2502 in
822 2468 953 2503 nocte
983 2463 1103 2503 clara
1131 2468 1175 2502 et
1207 2461 1383 2502 stellata
1409 2461 1506 2514 quis
1537 2474 1614 2514 per
1636 2459 1851 2502 foramina

300 2531 558 2584 quadrantis
588 2531 658 2573 vel
690 2531 912 2573 astralabii
945 2531 1012 2572 vel
1045 2531 1225 2572 alterius
1258 2529 1536 2571 instrumenti
1575 2528 1851 2584 perspexerit

302 2599 487 2641 Stellam
511 2600 748 2642 Nauticam
781 2607 824 2641 et
857 2601 1001 2654 ipsum
1034 2600 1199 2654 polum,
1222 2606 1265 2641 et
1297 2599 1513 2641 notaverit
1546 2598 1709 2652 gradus
1741 2609 1852 2652 quos

344 2691 407 2729 6—7
433 2690 485 2722 Cf.
507 2690 570 2732 Op.
589 2690 674 2732 Maj.
693 2691 714 2723 i.
733 2701 808 2731 224,
828 2691 848 2722 1.
871 2692 919 2722 16.
1084 2701 1124 2722 10
1146 2689 1432 2730 Alphraganus]
1451 2688 1713 2729 Compendium,
1732 2688 1802 2719 diff.
1819 2687 1852 2726 8,

302 2752 333 2781 p.
354 2751 408 2780 27.
510 2753 545 2774 11
574 2745 654 2775 celi
671 2747 709 2775 et
724 2743 877 2784 Mundi]
895 2743 928 2775 ii.
952 2752 1013 2774 110
1028 2753 1150 2776 comm.
1259 2753 1298 2782 13
1322 2741 1548 2783 Almagesti]
1566 2752 1595 2774 v.
1619 2742 1658 2772 16
1678 2741 1725 2782 (p.
1746 2739 1835 2781 139).
