1945 3079
825 110 907 153 427

98 213 292 268 quelibet
324 214 451 256 stella
485 215 527 255 in
561 214 656 268 ipso
688 213 827 255 salvat
863 228 1037 269 semper
1067 228 1190 255 suam
1226 215 1561 269 longitudinem,
1593 221 1637 257 et

98 284 367 324 incurtantur
398 283 541 324 solum
574 283 664 323 duo
696 282 789 335 ejus
821 281 921 336 poli,
953 283 1162 336 quoniam
1187 292 1364 325 manent
1390 285 1638 325 immobiles

98 358 312 404 quantum
352 352 409 393 ad
445 351 536 405 ejus
573 356 742 392 motum
782 351 1020 405 proprium,
1043 358 1087 393 et
1118 359 1183 393 est
1216 353 1454 394 incurtacio
1487 366 1636 393 eorum

97 432 230 474 super
269 421 380 461 duos
422 420 605 461 circulos
642 433 800 472 parvos
837 420 1153 473 equidistantes
1186 421 1485 475 equinocciali‚
1527 435 1638 475 quos

58 489 276 542 5quidem
314 489 498 531 circulos
535 489 744 530 describit
778 503 855 543 per
898 496 1067 530 motum
1111 490 1241 544 primi
1285 490 1469 531 mobilis.
1558 491 1638 531 Di-

96 558 263 600 stancia
285 559 400 600 enim
432 559 544 599 inter
566 557 690 612 polos
720 571 894 612 semper
916 571 1002 599 una
1025 564 1102 600 est.
1164 558 1242 600 Set
1264 560 1472 613 quoniam
1495 559 1638 600 omnis

96 626 224 668 stella
257 627 298 668 in
332 627 428 681 ipso
458 627 673 680 equaliter
704 628 839 668 distat
861 640 1036 680 semper
1056 642 1081 668 a
1105 628 1217 681 polis
1241 629 1438 682 propriis,
1462 641 1638 669 necesse

97 701 174 746 est,
198 709 298 737 cum
321 710 452 750 super
473 696 590 751 ipsos
612 697 853 738 secundum
877 696 1196 749 longitudinem
1221 702 1494 746 moveantur,
1516 697 1637 749 quod

95 763 287 806 latitudo
319 765 413 818 ejus
444 765 500 806 ab
532 765 817 818 equinocciali
851 765 1052 806 varietur.
1119 765 1188 806 Ita
1214 765 1334 817 quod
1369 763 1533 819 (stella)
1554 778 1640 817 que

34 848 76 872 10
96 839 162 875 est
184 833 227 874 in
259 833 353 887 ejus
376 834 523 875 medio
552 834 841 875 describendo
870 832 1079 875 circulum
1108 833 1176 875 vel
1203 833 1427 887 cingulum
1457 833 1640 882 zodiaci,

96 901 334 956 aliquando
360 903 417 944 sit
442 917 467 944 a
495 910 622 958 parte
650 903 959 956 septentrionis
985 903 1042 943 ab
1070 902 1370 956 equinocciali,
1400 902 1640 955 aliquando

96 985 122 1012 a
144 978 269 1026 parte
292 972 501 1020 meridiei,
529 972 722 1014 secando
750 971 1121 1026 equinoccialem3
1153 977 1196 1013 et
1225 986 1309 1026 que
1338 977 1440 1013 sunt
1473 977 1640 1012 remote

96 1041 152 1082 ab
176 1040 269 1094 ejus
291 1043 450 1092 medio,
465 1042 704 1096 aliquando
723 1042 889 1083 distent
906 1041 1005 1095 plus
1019 1042 1075 1082 ab
1091 1040 1382 1095 equinoctiali,
1401 1040 1639 1094 aliquando

95 1111 253 1151 minus.

37 1191 75 1226 15
155 1179 357 1233 Qualiter
377 1187 525 1222 autem
549 1187 696 1222 motus
717 1193 919 1222 accessus
948 1187 991 1222 et
1019 1193 1210 1221 recessus
1239 1184 1424 1233 apparet
1456 1179 1498 1218 in
1531 1179 1637 1231 ipso,

94 1262 227 1301 quem
257 1249 382 1302 ponit
414 1249 623 1299 Thebith‚
650 1249 734 1290 hoc
763 1249 898 1290 modo
930 1249 1171 1290 secundum
1205 1248 1348 1302 ipsum
1381 1247 1638 1288 declaratur.

97 1317 210 1359 Cum
244 1319 359 1358 enim
392 1318 463 1359 hic
495 1319 614 1360 orbis
646 1324 877 1360 moveatur
908 1319 988 1359 sub
1021 1317 1130 1358 alios
1153 1317 1280 1371 polos
1302 1331 1327 1358 a
1349 1316 1464 1369 polis
1487 1315 1638 1356 mundi

94 1387 187 1428 sive
210 1388 444 1441 equatoris,
468 1402 644 1429 necesse
665 1394 731 1429 est
753 1388 873 1441 quod
896 1401 1046 1429 omnes
1069 1384 1212 1427 circuli
1228 1400 1253 1427 a
1270 1385 1409 1426 stellis
1432 1383 1639 1438 descripti

95 1469 227 1510 super
243 1470 347 1497 suos
369 1456 496 1511 polos
518 1456 604 1497 sint
627 1456 827 1510 equatori
857 1469 945 1497 non
972 1455 1306 1508 equidistantes.
1371 1452 1484 1494 Cum
1508 1453 1641 1506 igitur

35 1542 76 1565 20
96 1532 297 1566 movetur
324 1524 450 1566 stella
481 1524 486 1580 Ι
512 1525 674 1579 aliqua,
701 1531 762 1575 ut,
790 1523 913 1566 verbi
943 1525 1104 1578 gracia,
1126 1522 1254 1564 stella
1286 1523 1329 1562 in
1353 1522 1499 1563 medio
1527 1522 1640 1562 inter

95 1593 222 1647 polos
244 1594 310 1635 sui
333 1594 463 1645 orbis,
488 1600 531 1635 et
553 1594 773 1648 compleat
803 1593 1056 1648 porcionem
1084 1605 1161 1633 sue
1183 1590 1489 1632 incurtacionis
1510 1603 1641 1644 super

82 1662 304 1704 'circulum
327 1662 597 1715 inclinatum,
624 1676 711 1705 non
735 1663 814 1705 erit
842 1661 950 1703 illud
979 1661 1098 1716 quod
1130 1660 1328 1702 ascendit
1351 1660 1406 1700 de
1428 1665 1642 1713 equatore

95 1745 196 1773 cum
221 1731 355 1774 archu
378 1746 510 1786 quem
533 1732 768 1787 pertransit
790 1732 846 1773 de
868 1731 1030 1772 circulo
1055 1729 1277 1779 inclinato,
1295 1728 1452 1782 equale
1465 1741 1642 1782 semper

97 1801 159 1841 illi
181 1802 312 1842 arcui.
377 1801 456 1843 Set
479 1803 559 1843 erit
581 1801 820 1855 aliquando
842 1800 952 1854 plus,
968 1799 1206 1853 aliquando
1229 1799 1384 1848 minus,
1400 1798 1640 1839 secundum

37 1886 75 1920 25
96 1870 396 1912 diversitatem
423 1871 722 1912 inclinacionis
752 1869 866 1910 illius
897 1881 1048 1919 arcus;
1081 1875 1126 1909 et
1148 1867 1230 1909 hoc
1253 1866 1542 1920 explanatum
1573 1871 1640 1906 est

97 1940 140 1980 in
166 1939 424 1993 Almagestz'.
504 1939 551 1981 Si
580 1940 695 1980 enim
725 1939 991 1992 accipiamus
1017 1938 1126 1978 duas
1153 1942 1332 1990 quartas
1364 1935 1571 1983 inclinati,
1598 1934 1641 1974 in

96 2022 282 2062 quarum
309 2010 455 2050 medio
482 2016 586 2051 sunt
613 2009 702 2049 duo
731 2015 895 2062 puncta
924 2007 1173 2048 seccionum
1208 2004 1300 2058 ejus
1334 2010 1378 2045 et
1410 2003 1643 2058 equatoris,

95 2077 324 2119 habebunt
350 2084 534 2131 utreque
554 2084 710 2131 quarte
733 2077 922 2118 minores
939 2075 1197 2117 affecciones
1214 2074 1269 2115 de
1287 2079 1494 2127 equatore
1508 2085 1642 2126 quam

97 2147 192 2201 ipse
221 2146 362 2197 fuerit,
380 2147 423 2187 id
446 2153 524 2197 est,
546 2144 711 2200 (erunt)
734 2146 922 2187 minores
953 2150 1122 2199 quarta.
1185 2143 1286 2184 Due
1315 2148 1463 2183 autem
1486 2146 1642 2194 quarte

38 2236 80 2268 30
97 2215 270 2257 residue
291 2215 518 2257 habebunt
545 2215 746 2269 majores.

156 2285 275 2326 Dicit
293 2285 425 2339 igitur
447 2285 734 2339 Alpetragius
757 2284 876 2337 quod
894 2283 996 2336 quia
1011 2295 1100 2323 non
1121 2281 1447 2323 consideramus
1471 2284 1641 2320 motum

97 2353 222 2396 stelle
254 2360 451 2409 respectu
483 2354 632 2396 circuli
661 2353 870 2404 inclinati,
896 2352 997 2406 quia
1020 2357 1190 2392 motum
1212 2350 1307 2404 ejus
1329 2363 1460 2404 super
1497 2349 1640 2402 ipsum

97 2437 184 2464 non
207 2424 430 2475 sentimus,
453 2430 520 2465 set
542 2424 685 2478 ipsum
709 2422 1039 2464 consideramus
1061 2425 1262 2474 respectu
1285 2418 1519 2472 equatoris‚
1541 2430 1642 2458 cum

97 2494 347 2536 movebitur
388 2493 545 2545 stella;
590 2507 668 2546 per
704 2493 869 2547 primas
903 2491 1013 2532 duas
1051 2496 1231 2545 quartas
1278 2487 1510 2542 apparebit
1551 2485 1645 2540 ejus

38 2580 76 2613 35
98 2562 288 2605 incessus
313 2563 368 2604 ad
405 2564 632 2613 orientem,
667 2562 723 2604 ad
757 2561 1024 2603 contrarium
1057 2559 1221 2601 scilicet
1252 2558 1380 2613 primi
1413 2563 1571 2604 motus,
1602 2561 1647 2596 et

96 2639 282 2674 vocatur
302 2632 383 2674 hec
405 2633 646 2673 incurtacio
669 2644 882 2673 accessus.
943 2629 1003 2670 Et
1025 2630 1131 2670 dum
1162 2627 1409 2669 movebitur
1431 2639 1507 2680 per
1536 2625 1645 2666 alias

98 2701 209 2742 duas
231 2707 425 2755 quartas,
445 2701 548 2754 quia
565 2700 693 2755 polus
711 2701 843 2755 ipsius
860 2698 1058 2740 ascendit
1075 2698 1131 2739 de
1146 2696 1445 2751 equinocciali,
1461 2700 1646 2749 apparet

98 2771 216 2825 quod
244 2769 370 2811 stella
395 2769 656 2822 multiplicet
678 2783 806 2810 suum
840 2775 1009 2809 motum
1043 2768 1099 2808 ad
1125 2767 1412 2815 occidentem,
1445 2770 1488 2805 et
1510 2763 1647 2805 addat

1662 1525 1760 1566 124b
1779 1534 1809 1556 2.
