1945 3079
118 908 265 941 121b2.

1019 49 1102 99 418

286 166 396 206 libro
427 164 686 204 multociens
721 163 926 204 omittere
963 162 1211 216 fracciones,
1245 169 1287 204 et
1326 162 1525 204 similiter
1561 161 1725 204 faciunt
1762 161 1836 203 alii

286 242 473 275 autores.
553 233 907 287 Verumptamen
949 231 1102 274 melius
1145 232 1297 274 fuisset
1342 233 1377 272 si
1421 232 1464 273 in
1507 232 1653 273 radice
1694 232 1837 273 tocius

285 303 656 345 consideracionis
671 302 887 357 posuisset
905 315 1058 343 omnes
1075 301 1325 352 fracciones,
1343 308 1388 343 et
1403 301 1508 343 alibi
1526 316 1599 343 eas
1617 302 1838 342 omisisset

286 380 466 427 propter
517 373 685 414 tedium
738 371 1037 426 computandi.
1101 371 1161 412 Et
1203 372 1446 413 secundum
1489 370 1601 423 hanc
1643 371 1837 412 radicem

285 443 476 497 perfecte
517 448 823 497 computatam
876 442 959 483 erit
1001 447 1162 494 quarta
1203 446 1314 482 terre
1367 440 1535 481 habens
1583 449 1875 495 33‚15o‚0005

286 513 471 553 miliaria
495 512 537 552 in
571 525 648 553 sua
682 510 925 565 superficie.
1008 510 1068 551 Et
1100 516 1257 551 octava
1289 515 1406 551 terre
1436 510 1618 552 habebit
1651 509 1838 551 miliaria

283 591 523 636 4‚143,75o.
588 581 688 622 Hiis
721 581 837 621 enim
869 580 1043 621 duabus
1081 579 1406 633 quantitatibus
1439 579 1702 633 indigemus,
1724 579 1838 620 sicut

283 656 328 692 et
351 651 505 692 ceteris
527 650 746 705 predictis.

345 755 366 806 <
379 752 487 807 Capi
489 753 627 794 tulum
633 751 867 793 secundum
875 751 926 792 de
937 750 1100 793 duobus
1115 751 1311 792 metabus
1318 750 1643 806 principalibus
1651 751 1838 793 celorum

281 822 515 864 secundum
536 820 884 874 Ptholomeum.)
1862 825 1901 848 10

345 902 573 956 Quoniam
606 907 788 955 propter
830 901 1227 955 intemperanciam
1260 900 1446 941 visibilis
1483 915 1509 942 a
1535 900 1540 956 Ι
1570 901 1663 942 visu
1697 900 1837 942 eciam

285 972 444 1013 accidit
472 985 590 1012 error
621 971 665 1011 in
697 969 903 1011 omnibus
946 969 1269 1011 intencionibus
1302 983 1328 1010 a
1359 970 1453 1010 visu
1491 969 1839 1023 comprehensis,

285 1042 397 1082 sicut
425 1040 674 1081 ostenditur
697 1039 807 1080 libro
837 1039 974 1081 tercio
1000 1038 1052 1079 de
1073 1038 1341 1091 Aspectz’bus‚
1362 1052 1451 1079 non
1470 1046 1536 1080 est
1558 1039 1718 1080 mirum
1739 1039 1774 1080 si
1796 1039 1840 1079 in

284 1110 526 1164 equalitate
558 1115 761 1150 motuum
795 1121 1030 1162 corporum
1065 1107 1297 1149 celestium
1329 1109 1642 1162 cognoscenda
1678 1107 1838 1164 accidit

283 1179 412 1221 nobis
434 1178 672 1220 difficultas
695 1184 739 1219 et
760 1177 1021 1231 opinionum
1045 1177 1245 1218 varietas.
1860 1201 1898 1234 15

342 1249 632 1290 Ptholomeus
668 1248 813 1301 igitur,
850 1253 986 1299 atque
1027 1245 1121 1299 ejus
1156 1259 1380 1299 sequaces,
1417 1247 1530 1288 duos
1572 1252 1720 1288 motus
1757 1245 1838 1288 celi

285 1317 552 1372 principales
584 1316 830 1365 affirmant;
880 1312 1066 1369 quorum
1097 1328 1209 1356 unus
1240 1321 1306 1356 est
1337 1315 1530 1370 simplex
1559 1316 1742 1369 primus,
1765 1315 1840 1369 qui

286 1393 435 1428 movet
451 1393 594 1427 totum
617 1386 759 1427 celum
778 1386 834 1426 ab
857 1385 1026 1426 oriente
1048 1385 1092 1424 in
1113 1384 1390 1425 occidentem
1415 1385 1691 1426 uniformiter
1707 1398 1841 1439 super

285 1457 398 1497 duos
431 1456 569 1510 polos,
600 1455 675 1508 qui
707 1455 915 1496 dicuntur
945 1453 1035 1508 poli
1069 1454 1248 1505 mundi;
1293 1454 1416 1507 cujus
1447 1454 1642 1508 quelibet
1675 1461 1838 1508 puncta

284 1525 539 1566 describunt
566 1524 751 1566 circulos
785 1524 841 1564 ad
876 1523 1062 1564 invicem
1098 1523 1458 1576 equedistantes;
1495 1530 1539 1564 et
1570 1528 1761 1577 punctus
1793 1523 1837 1564 in
1861 1541 1901 1565 πο

286 1594 434 1636 medio
477 1593 684 1635 describit
726 1593 984 1643 maximum,
1028 1593 1103 1646 qui
1145 1592 1306 1634 dicitur
1347 1593 1667 1647 equinoccialis,
1703 1606 1836 1647 quem

285 1664 494 1705 describit
522 1662 601 1704 Sol
634 1662 876 1703 secundum
906 1675 1084 1703 sensum
1118 1669 1243 1704 motu
1275 1662 1488 1716 predicto,
1519 1676 1617 1704 cum
1650 1668 1838 1717 equatur

284 1733 378 1774 dies
400 1740 443 1774 et
466 1746 570 1774 nox.

341 1802 472 1843 Alius
496 1809 643 1843 motus
666 1809 745 1851 est,
767 1816 857 1855 quo
887 1808 1121 1843 moventur
1149 1801 1278 1843 orbes
1307 1801 1534 1843 stellarum
1567 1800 1770 1851 fixarum,
1791 1807 1836 1842 et

284 1878 351 1913 est
374 1878 521 1913 motus
543 1872 600 1911 ab
623 1871 852 1912 occidente
874 1871 931 1911 ad
953 1871 1180 1920 orientem,
1204 1876 1358 1911 contra
1379 1871 1629 1924 predictum
1650 1876 1836 1922 motum,
1859 1888 1897 1920 ²5

285 1954 415 1994 super
447 1942 558 1981 duos
588 1939 699 1981 alios
731 1940 869 1994 polos,
900 1939 1025 1994 cujus
1059 1940 1230 1982 medius
1259 1946 1448 1994 punctus
1478 1941 1593 1981 inter
1613 1939 1740 1993 polos
1761 1940 1836 1981 de-

286 2010 436 2051 scribit
451 2008 672 2060 circulum,
689 2009 763 2062 qui
779 2009 963 2050 circulus
977 2010 1139 2050 dicitur
1153 2009 1380 2057 zodiacus;
1409 2009 1451 2049 in
1469 2009 1592 2063 cujus
1608 2008 1837 2064 superficie

288 2086 491 2121 movetur
541 2079 605 2120 sol
648 2079 731 2120 hoc
773 2080 967 2120 seeundo
1011 2085 1145 2120 motu.
1232 2077 1310 2120 Set
1351 2078 1422 2120 alii
1466 2079 1645 2133 planete
1685 2078 1743 2120 ab
1784 2092 1837 2120 eo

284 2149 519 2191 declinant.

342 2218 419 2259 Ad
464 2218 766 2272 cognicionem
799 2224 950 2260 autem
992 2218 1148 2272 prioris
1191 2224 1338 2260 motus
1380 2231 1458 2272 per
1493 2231 1673 2265 sensum
1713 2218 1830 2259 visus
1858 2237 1901 2269 30

284 2287 555 2328 devenerunt
593 2301 669 2341 per
702 2287 786 2328 hoc
823 2288 943 2341 quod
975 2288 1188 2329 videbant
1221 2287 1342 2328 omni
1377 2287 1450 2328 die
1483 2287 1634 2328 omnia
1665 2287 1708 2328 in
1741 2286 1837 2328 celo

283 2356 473 2397 visibilia
505 2357 649 2410 primo
681 2357 796 2408 oriri,
824 2364 868 2397 et
902 2357 1127 2398 mediante
1153 2356 1249 2398 celo
1277 2363 1433 2410 postea
1454 2356 1669 2408 occidere,
1689 2362 1733 2398 et
1753 2356 1838 2397 hoc

284 2427 525 2466 secundum
547 2425 732 2466 circulos
755 2426 984 2468 visibiliter
1001 2425 1290 2480 equinocciali
1313 2425 1647 2478 equidistanteS.

344 2493 599 2536 Secundum
622 2501 770 2536 autem
790 2501 961 2536 motum
985 2495 1184 2537 similiter
1206 2495 1514 2548 experimento
1532 2493 1683 2535 visuali
1707 2494 1835 2536 intel-

284 2564 488 2605 lexerunt
517 2578 595 2617 per
623 2564 706 2606 hoc
737 2565 858 2618 quod
882 2565 1094 2606 videbant
1117 2578 1270 2606 omnes
1294 2564 1444 2605 stellas
1468 2564 1687 2612 erraticas,
1709 2569 1832 2617 post·
1855 2581 1895 2615 35

327 2666 349 2694 9
372 2655 444 2686 The
469 2659 542 2685 text
559 2655 645 2685 from
663 2655 732 2686 this
748 2656 848 2695 point
865 2660 900 2686 to
916 2666 949 2696 p.
970 2666 1045 2695 441,
1066 2655 1087 2687 l.
1108 2666 1125 2695 7
1152 2643 1531 2695 coincides¹generally
1547 2654 1631 2686 with
1657 2654 1721 2695 Op.
1746 2653 1829 2685 Tert.

285 2709 446 2749 (Duhem,
461 2721 518 2750 pp.
536 2711 694 2750 99-137).
803 2720 842 2750 13
860 2713 906 2742 de
924 2710 1172 2752 Aspeetibus]
1191 2710 1328 2750 Optica‚
1344 2720 1457 2741 sermo
1473 2709 1607 2749 tertius,
1624 2719 1682 2750 pp.
1703 2719 1742 2749 77
1759 2719 1833 2750 sqq.

286 2765 324 2794 16
349 2764 611 2806 Ptholomeus]
629 2765 807 2804 Almagest
826 2766 845 2796 i.
864 2767 896 2796 8.
