1945 3079
127 862 189 886 100
205 863 225 884 a
244 861 271 883 2.

1018 36 1102 79 344

287 157 450 198 ponere
477 155 661 183 vacuum
686 141 720 181 si
749 146 998 183 moveretur
1019 140 1262 183 secundum
1286 141 1530 196 longiorem
1555 142 1836 196 dyametrum
1878 168 1880 171 -

288 215 329 254 in
370 211 646 264 longitudine
683 210 919 265 dyametri‚
957 217 1005 252 ut
1043 217 1165 266 patet
1206 211 1514 253 consideranti.
1590 211 1650 252 Et
1688 210 1749 251 sic
1783 211 1838 252 de

286 282 405 323 omni
429 281 571 337 figura
588 287 869 335 preterquam
889 282 931 322 in
950 295 1089 336 spera,
1107 281 1211 334 quia
1233 281 1453 335 dyametri
1476 288 1578 323 sunt
1601 279 1839 334 inequales,

287 360 331 394 et
361 353 461 393 ideo
490 366 548 393 ex
575 351 660 393 alia
690 357 816 406 parte
843 351 1061 393 accideret
1082 365 1271 393 vacuum
1298 352 1341 392 in
1369 359 1506 394 motu.
1571 351 1650 393 Set
1671 364 1771 392 cum
1795 350 1838 391 in

287 435 414 476 spera
446 421 540 462 sola
572 427 674 463 sunt
706 435 859 463 omnes
893 422 1112 475 dyametri
1143 420 1330 475 equales,
1354 435 1440 462 non
1466 425 1614 484 potest
1643 419 1840 461 accidere
1859 436 1876 468 5

288 505 477 533 vacuum
502 505 560 532 ex
581 504 845 544 quacunque
867 498 994 544 parte
1018 496 1277 532 moveretur.
1593 528 1596 535 ,

349 560 482 614 Quod
514 574 617 601 vero
650 566 829 615 oportet
861 561 981 614 quod
1014 561 1070 601 sit
1102 574 1346 602 concavum
1380 559 1598 614 spericum
1634 559 1691 600 ab
1728 558 1841 599 intra

289 630 539 672 ostenditur
581 631 653 672 sic.
737 630 910 672 Octava
952 630 1068 671 enim
1112 630 1364 684 proposicio
1405 630 1458 670 de
1513 624 1844 683 Ysoperzmetrzs

290 701 421 742 docet
453 700 572 753 quod
603 700 802 740 omnium
838 699 1078 754 figurarum
1110 700 1533 755 ysoperimetrarurn
1562 712 1688 753 spere
1713 710 1844 751 spera

292 769 490 810 maxime
521 770 655 823 capit,
678 775 721 810 et
751 769 850 811 ideo
883 783 983 810 cum
1015 769 1157 811 celum
1181 769 1315 811 debet
1341 769 1490 811 omnia
1512 782 1679 824 capere,
1701 767 1844 809 celum
1865 784 1905 807 10

291 839 426 881 debet
449 852 544 880 esse
566 838 666 881 talis
689 838 828 894 figure
851 840 978 880 intra.
1043 839 1171 890 Item,
1194 852 1393 880 convexe
1419 836 1424 893 1
1454 851 1541 879 non
1563 842 1714 891 posset
1737 849 1844 885 esse,

291 910 395 962 quia
419 915 525 950 tunc
548 923 634 950 non
659 916 774 950 esset
798 916 952 952 natum
975 911 1212 952 continere.
1265 911 1360 951 Nec
1384 923 1577 951 concave
1599 907 1843 949 secundum

291 979 423 1020 aliam
464 978 651 1031 figuram
690 980 925 1020 rotundam
964 993 1050 1033 que
1088 993 1176 1021 non
1213 979 1271 1021 sit
1307 980 1487 1034 sperica,
1522 992 1624 1019 nam
1656 978 1718 1019 sic
1755 990 1844 1018 non

293 1061 446 1089 omnes
470 1055 618 1101 partes
642 1049 860 1101 equaliter
881 1049 1097 1090 distarent
1119 1063 1144 1089 a
1167 1049 1264 1090 loco
1287 1049 1493 1090 deorsum
1517 1054 1562 1089 et
1583 1062 1608 1089 a
1629 1055 1746 1088 terra
1767 1044 1845 1088 seu

293 1132 318 1157 a
339 1116 479 1168 nobis,
502 1130 555 1158 eo
578 1117 698 1170 quod
718 1117 760 1157 in
780 1131 933 1158 earum
952 1119 1099 1159 medio
1122 1131 1211 1159 non
1233 1123 1300 1160 est
1322 1123 1512 1172 punctus
1534 1131 1560 1158 a
1582 1131 1671 1171 quo
1692 1129 1846 1165 omnes
1868 1131 1906 1164 15

294 1187 407 1228 linee
444 1187 576 1228 ducte
612 1187 669 1227 ad
709 1193 856 1240 partes
893 1188 1086 1242 corporis
1124 1188 1320 1241 undique
1357 1194 1460 1228 sunt
1497 1186 1689 1240 equales.
1767 1185 1848 1227 Set

293 1256 435 1298 celum
470 1269 571 1297 cum
605 1255 661 1297 sit
696 1257 822 1297 unius
853 1262 1006 1298 nature
1039 1263 1083 1298 et
1118 1256 1284 1311 equalis
1317 1257 1361 1298 in
1393 1257 1599 1298 omnibus
1632 1255 1846 1311 partibus,

295 1332 474 1380 oportet
507 1326 627 1379 quod
660 1325 876 1379 equaliter
906 1326 1038 1367 distet
1075 1327 1118 1367 in
1152 1332 1309 1367 natura
1343 1341 1369 1368 a
1406 1332 1520 1368 terra
1557 1332 1602 1367 et
1633 1339 1711 1380 per
1742 1338 1846 1366 con-

296 1408 483 1448 sequens
511 1394 554 1434 in
583 1394 680 1443 situ,
703 1395 808 1447 quia
837 1395 1053 1436 distancia
1080 1395 1122 1436 in
1146 1402 1302 1436 natura
1325 1401 1392 1436 est
1413 1409 1547 1437 causa
1569 1395 1783 1436 distancie
1805 1394 1849 1435 in

296 1465 382 1506 situ
424 1464 467 1504 in
509 1464 767 1517 corporibus
810 1465 974 1506 mundi.
1053 1464 1166 1506 Cum
1211 1465 1344 1519 igitur
1383 1478 1536 1506 omnes
1577 1471 1724 1518 partes
1766 1462 1847 1504 celi
1869 1479 1945 1501 20·

297 1533 489 1575 debeant
538 1532 752 1586 equaliter
793 1547 819 1574 a
865 1540 980 1575 terra
1028 1535 1207 1584 distare,
1250 1541 1426 1589 oportet
1467 1534 1588 1587 quod
1634 1541 1751 1575 terra
1792 1533 1849 1575 sit

297 1609 486 1657 punctus
516 1603 559 1643 in
591 1604 736 1645 medio
764 1617 903 1657 spere,
926 1610 973 1645 ut
1003 1618 1155 1646 omnes
1182 1604 1516 1657 semidyametri
1540 1604 1627 1645 sint
1656 1602 1851 1657 equales,

298 1673 418 1726 quod
436 1686 524 1713 non
553 1673 769 1726 contingit
797 1674 838 1714 in
862 1673 947 1715 alia
970 1673 1111 1728 figura
1129 1675 1331 1715 rotunda.
1397 1674 1457 1715 Et
1481 1688 1556 1727 per
1577 1685 1849 1727 consequens

298 1755 386 1782 non
418 1748 565 1795 potest
597 1755 692 1783 esse
723 1742 856 1797 plane
883 1742 1032 1796 figure,
1056 1757 1158 1784 nam
1192 1750 1295 1784 tunc
1325 1757 1426 1784 cum
1460 1743 1575 1784 linea
1606 1749 1722 1784 esset
1754 1756 1850 1796 per-

298 1811 590 1864 pendicularis
621 1817 734 1852 esset
768 1812 1024 1853 brevissima
1056 1813 1190 1854 ducta
1221 1826 1354 1865 super
1387 1812 1530 1853 celum
1563 1826 1589 1853 a
1621 1817 1784 1860 centro,
1806 1817 1850 1852 et
1872 1824 1911 1857 25

298 1879 382 1921 alie
401 1879 512 1922 linee
529 1887 674 1922 essent
693 1881 912 1936 longiores
930 1896 1007 1936 per
1029 1889 1130 1935 19am
1147 1882 1276 1937 primi
1292 1882 1622 1924 Elementorum
1638 1880 1850 1932 Euclidis,

300 1950 412 1990 sicut
447 1956 571 2004 patet
608 1966 665 1993 ex
703 1952 923 2005 triangulo
962 1953 1205 1994 constituto
1242 1967 1300 1994 ex
1338 1951 1594 2005 hujusmodi
1633 1950 1771 2002 lineis,
1803 1955 1852 1991 ut

300 2026 425 2072 patet
448 2020 491 2059 in
513 2020 594 2061 hac
616 2020 768 2075 figura.

362 2088 410 2129 Si
443 2090 580 2131 eciam
619 2098 733 2132 esset
765 2091 896 2144 plane
930 2091 1081 2146 figure,
1114 2099 1220 2134 tunc
1254 2091 1383 2133 stelle
1419 2093 1597 2145 quando
1629 2096 1775 2132 essent
1807 2090 1851 2131 in

302 2158 470 2200 oriente
488 2165 532 2201 et
550 2161 778 2202 occidente
798 2162 937 2216 magis
953 2161 1087 2217 longe
1106 2163 1322 2204 distarent
1336 2176 1361 2202 a
1380 2162 1504 2202 nobis
1522 2174 1654 2214 quam
1672 2160 1851 2214 quando
1874 2171 1915 2203 30

302 2234 448 2269 essent
472 2228 514 2269 in
530 2229 720 2281 meridie,
737 2230 838 2284 quia
860 2238 963 2272 tunc
990 2236 1136 2272 essent
1159 2244 1291 2286 super
1316 2231 1461 2285 capita
1487 2236 1649 2281 nostra,
1672 2236 1716 2271 et
1739 2229 1852 2270 linee

304 2295 683 2348 perpendiculares
711 2298 865 2338 breves
887 2298 1209 2340 descenderent
1232 2298 1289 2338 ab
1311 2297 1373 2338 eis
1395 2304 1439 2338 et
1461 2296 1517 2337 ad
1541 2310 1633 2346 nos,
1655 2303 1699 2337 et
1722 2296 1852 2349 longe

348 2448 369 2477 8
392 2450 438 2478 de
451 2449 761 2491 Ysoperimetris]
808 2450 922 2481 There
936 2451 965 2481 is
977 2461 1019 2481 an
1035 2450 1265 2490 unpublished
1277 2450 1376 2482 work
1389 2449 1427 2481 of
1440 2449 1612 2488 Jordanus
1630 2449 1854 2480 Nemorarius

304 2499 388 2529 with
403 2499 471 2530 this
488 2500 571 2540 title,
590 2501 650 2531 but
666 2511 725 2532 see
743 2501 890 2542 Bridges
907 2502 929 2534 i.
954 2513 1027 2544 155,
1046 2507 1127 2533 note
1147 2513 1173 2534 1.

350 2637 370 2665 4
395 2626 474 2668 alia]
493 2627 606 2667 aliqua
624 2627 654 2658 Ο
808 2637 847 2658 10
871 2637 944 2658 cum
964 2652 971 2659 .
991 2652 996 2658 .
1014 2651 1022 2659 .
1042 2637 1167 2667 capere
1186 2638 1250 2658 om.
1269 2627 1311 2658 M
1445 2636 1479 2657 11
1507 2626 1681 2669 convexe]
1698 2636 1854 2658 convexe

306 2677 415 2715 primo
429 2677 471 2708 M
561 2689 599 2718 15
624 2679 757 2720 earum]
771 2689 887 2710 eorum
902 2679 932 2709 Ο
1026 2681 1065 2710 16
1090 2679 1185 2721 sunt]
1197 2680 1284 2711 sicut
1300 2679 1331 2710 O
1434 2690 1472 2710 21
1501 2679 1668 2721 debeant]
1682 2679 1810 2711 debent
1825 2679 1857 2711 Ο

302 2729 364 2770 sit]
383 2730 427 2761 sit
445 2731 531 2762 sicut
549 2731 579 2762 O
712 2733 754 2762 26
778 2732 867 2763 linee
882 2742 948 2763 οιιι.
968 2731 1009 2762 M
