1945 3079
820 124 901 168 373

167 223 213 266 Si
243 223 412 265 dicatur
439 224 557 276 quod
586 230 731 266 motus
753 224 833 264 celi
856 231 921 266 est
950 233 1199 279 perpetuus,
1220 242 1322 282 ergo
1345 227 1539 270 infinitus
1560 246 1568 279 ;
1597 236 1640 270 ct

107 292 166 333 sic
202 292 243 332 in
279 298 483 345 tempore
524 291 695 332 infinito
737 293 839 346 quia
875 295 1077 346 potencia
1114 296 1284 336 mobilis
1327 298 1405 338 erit
1447 297 1638 339 infinita:

106 360 341 402 dicendum
374 366 438 401 est
471 360 591 414 quod
625 366 771 401 motus
800 363 1041 402 secundum
1069 365 1364 405 substanciam
1391 365 1537 407 finitus
1561 373 1638 416 est,

106 429 208 483 quia
235 428 430 482 quelibet
463 429 681 470 revolucio
710 429 790 470 celi
817 436 880 470 est
909 429 1044 479 finita,
1067 438 1133 472 set
1156 433 1433 485 multiplicari
1457 441 1639 488 possunt

68 511 183 553 5per
213 497 486 539 addicionem
521 497 738 538 infinitam
772 503 815 538 et
848 497 891 537 in
922 504 1120 550 tempore
1152 499 1332 550 infinito,
1365 502 1406 541 id
1441 509 1518 551 θεῖ,
1550 516 1638 543 non

105 572 228 608 tanto
258 567 362 620 quin
396 565 550 619 majori
579 566 680 619 quia
712 579 800 605 non
831 572 898 606 tot
931 567 1034 618 quin
1064 567 1208 620 plures
1236 576 1417 622 possunt
1445 569 1535 610 fieri
1562 571 1638 611 cir-

105 635 363 677 culaciones.
426 634 504 676 Set
531 648 621 675 non
649 640 826 688 propter
851 635 933 675 hoc
956 636 1116 676 accidit
1140 635 1328 677 infinitas
1351 644 1550 678 motuum
1572 638 1639 679 vel

105 705 317 759 temporis
349 705 390 745 in
423 710 537 753 actu,
559 711 603 745 et
635 703 736 745 ideo
769 716 856 743 non
888 710 1063 756 oportet
1092 706 1210 757 quod
1238 706 1439 757 potencia
1467 706 1639 748 mobilis

105 773 160 815 sit
181 779 282 815 actu
305 772 483 814 infinita.

49 860 88 884 10
164 841 210 883 Si
232 842 401 884 dicatur
422 843 540 895 quod
561 840 735 884 effectui
759 842 883 884 finito
907 849 950 884 et
974 842 1208 884 terminato
1230 843 1415 884 debetur
1441 844 1641 896 potencia

106 910 238 964 finita,
259 925 363 965 ergo
386 910 561 952 effectui
584 911 658 964 qui
681 911 801 952 vadit
825 912 867 951 in
891 910 1106 951 infinitum
1125 917 1167 951 et
1190 924 1413 963 nunquam
1436 912 1640 953 termina-

107 980 224 1021 bitur
250 980 488 1033 respondet
518 980 724 1034 potencia
754 978 925 1021 infinita
954 985 996 1020 et
1030 979 1309 1021 interminata
1326 995 1335 1032 ;
1368 986 1433 1021 set
1464 979 1643 1021 effectus

105 1049 356 1102 hujusmodi
385 1055 452 1089 est
474 1055 620 1090 motus
654 1055 894 1102 perpetuus
925 1047 1019 1098 celi,
1043 1061 1148 1101 ergo
1171 1047 1215 1088 in
1238 1048 1329 1089 celo
1353 1054 1417 1089 est
1439 1049 1640 1102 potencia

104 1117 384 1159 interminata
398 1130 476 1157 nec
495 1116 683 1158 limitata
701 1130 779 1158 nee
799 1116 920 1158 finita
940 1132 947 1156 :
972 1117 1207 1157 dicendum
1223 1123 1288 1157 est
1303 1118 1422 1169 quod
1440 1118 1640 1170 potencia

49 1201 85 1234 15
105 1185 186 1227 celi
218 1192 367 1239 potest
399 1186 665 1227 considerari
698 1192 898 1238 respectu
931 1185 1110 1226 effectus
1141 1184 1297 1226 infiniti
1326 1186 1367 1225 in
1398 1192 1496 1226 actu
1529 1200 1639 1239 puro

106 1261 150 1296 et
171 1255 230 1296 sic
251 1268 338 1295 non
362 1259 428 1295 est
449 1254 634 1305 infinita,
651 1261 717 1295 set
739 1255 774 1295 si
796 1254 1094 1296 consideretur
1116 1260 1313 1307 respectu
1337 1260 1458 1295 actus
1482 1254 1639 1295 infiniti

105 1324 148 1365 in
179 1330 280 1365 actu
312 1323 386 1377 qui
417 1336 591 1377 semper
621 1330 686 1364 est
718 1323 965 1377 permixtus
997 1323 1050 1363 de
1077 1323 1282 1376 potencia
1308 1323 1363 1362 ad
1391 1323 1638 1364 ulteriorem

103 1399 252 1436 actum
283 1392 345 1434 sic
377 1399 443 1434 est
474 1394 678 1447 potencia
709 1392 790 1434 celi
820 1391 1001 1442 infinita,
1024 1398 1090 1432 set
1121 1391 1201 1432 hec
1232 1390 1424 1431 infinitas
1455 1404 1541 1432 non
1575 1397 1639 1433 est

104 1462 186 1504 nisi
217 1462 260 1502 in
298 1461 505 1516 potencia
536 1467 580 1503 et
621 1475 709 1503 non
737 1460 743 1517 1
772 1467 838 1503 θεῖ
870 1462 912 1502 in
945 1468 1058 1510 actu,
1090 1461 1193 1514 quia
1224 1460 1324 1501 talis
1361 1466 1426 1501 est
1455 1460 1640 1501 infinitas

47 1544 87 1568 ²0
104 1530 296 1572 effectus.
359 1530 419 1571 Et
442 1530 568 1571 radix
590 1529 844 1583 hujusmodi
869 1535 934 1572 est
963 1530 1066 1583 quia
1084 1542 1178 1570 esse
1193 1528 1272 1570 celi
1286 1534 1351 1569 est
1366 1535 1640 1581 perpetuum,

103 1606 147 1641 et
170 1599 269 1641 ideo
291 1599 498 1653 potencia
520 1598 600 1640 celi
623 1599 679 1640 ad
707 1605 877 1641 motum
894 1605 959 1641 est
982 1603 1206 1653 perpetua,
1229 1603 1273 1638 et
1290 1597 1390 1638 ideo
1409 1597 1577 1638 infinita
1600 1598 1641 1637 in

95 1661 338 1710 'duracione
366 1669 480 1710 sicut
511 1675 658 1710 motus
680 1674 724 1710 et
753 1674 958 1722 tempus;
992 1673 1035 1708 et
1057 1667 1311 1721 hujusmodi
1344 1665 1533 1707 infinitas
1555 1679 1640 1706 non

104 1744 169 1780 est
191 1737 389 1788 actualis,
411 1736 587 1787 scilicet,
611 1737 740 1778 simul
770 1743 965 1791 accepta,
989 1741 1055 1777 set
1077 1750 1155 1790 per
1177 1734 1498 1776 successionem
1519 1734 1639 1775 vadit

102 1806 146 1848 in
177 1806 410 1848 infinitum.
471 1804 564 1846 Alii
597 1805 716 1848 modi
752 1805 963 1859 arguendi
999 1804 1128 1845 nimis
1165 1803 1386 1858 generales
1418 1808 1598 1856 possunt
1633 1809 1637 1856 Ι

47 1887 84 1920 25
98 1876 261 1927 induci,
284 1881 350 1917 set
371 1880 528 1929 patent
550 1875 592 1915 in
619 1875 849 1929 prioribus.

165 2016 409 2071 Capitulum
435 2023 501 2059 2¹²¹.
565 2017 646 2072 <de
667 2019 834 2060 unitate
857 2016 1052 2070 mundi).

161 2109 232 2150 De
262 2109 431 2150 unitate
463 2110 617 2150 mundi
649 2110 754 2151 dicit
784 2109 1005 2150 Averroes
1035 2107 1154 2161 quod
1190 2106 1226 2147 si
1267 2105 1413 2158 plures
1450 2103 1638 2144 mundos

102 2190 331 2232 ponamus,
353 2190 530 2219 necesse
557 2184 623 2219 est
650 2191 815 2231 ponere
841 2177 965 2235 plura
995 2175 1207 2229 principia
1235 2174 1389 2227 prima,
1416 2179 1464 2213 ut
1491 2171 1637 2225 plures

102 2259 255 2287 causas
283 2245 459 2299 primas,
482 2252 527 2287 et
555 2246 655 2287 ideo
683 2259 782 2287 cum
804 2246 888 2286 hoc
917 2245 972 2286 sit
1001 2243 1266 2297 inpossibile,
1289 2248 1337 2282 ut
1364 2241 1573 2294 probatur
1595 2239 1637 2278 in

43 2323 85 2356 30
100 2313 433 2368 Methaplzz‘sica,
455 2328 632 2356 necesse
660 2322 726 2356 est
756 2315 968 2355 mundum
1002 2326 1096 2354 esse
1130 2324 1264 2352 unum
1282 2325 1291 2358 3
1331 2316 1373 2350 et
1405 2313 1527 2361 patet
1558 2307 1638 2347 hec

35 2384 37 2386 ’
101 2381 433 2435 consequencia.
498 2381 615 2422 Nam
639 2382 674 2421 si
696 2380 841 2435 plures
863 2380 950 2420 sint
968 2379 1136 2426 mundi,
1154 2377 1301 2432 plures
1324 2381 1426 2418 sunt
1445 2380 1637 2415 motores

100 2448 269 2491 infinite
299 2449 514 2503 potencie,
545 2450 648 2502 quia
681 2455 826 2491 motor
859 2447 1011 2488 mundi
1043 2452 1110 2488 est
1142 2444 1309 2486 infinite
1341 2441 1556 2497 potencie,
1589 2447 1638 2482 ut

135 2561 137 2565 ’
165 2571 206 2601 27
230 2561 433 2602 Averroes]
459 2564 466 2578 ‘
483 2561 527 2592 Et
551 2561 607 2601 qui
632 2560 717 2591 dixit
741 2559 833 2599 quod
858 2558 972 2589 mundi
989 2562 1069 2589 sunt
1085 2556 1203 2598 plures
1226 2555 1433 2594 contingerit
1449 2554 1480 2585 ei
1497 2553 1638 2584 credere

100 2615 204 2647 multa
219 2616 410 2656 principia‚'
427 2615 466 2647 de
482 2615 556 2646 Celo
570 2619 600 2646 et
616 2613 747 2645 Mundo
765 2614 784 2645 i.
804 2623 845 2653 33
863 2623 983 2644 comm.

144 2710 163 2729 2
186 2699 281 2741 quia]
298 2710 403 2740 quare
422 2698 453 2730 Ο
577 2708 594 2737 7
619 2696 690 2738 vel]
709 2701 743 2727 et
761 2695 792 2726 O
918 2696 1021 2734 15-16
1045 2694 1078 2724 in
1096 2698 1174 2724 actu
1192 2717 1199 2724 .
1219 2718 1225 2724 .
1247 2716 1253 2724 .
1271 2690 1412 2732 infiniti]
1430 2690 1482 2721 vel
1501 2689 1583 2720 finiti
1600 2689 1642 2719 M

103 2760 140 2790 17
165 2751 238 2792 qui]
257 2751 310 2782 cui
329 2750 360 2781 Ο
450 2749 654 2791 permixtus]
672 2748 843 2780 admixtus
861 2746 892 2777 O
1026 2757 1066 2784 24
1091 2745 1191 2776 nimis
1207 2755 1272 2776 om.
1289 2743 1330 2773 M
1459 2743 1500 2772 26
1524 2752 1591 2771 om.
1607 2739 1638 2771 Ο

99 2803 140 2847 28
163 2812 293 2843 ponere
311 2813 377 2834 om.
399 2801 429 2833 Ο

1662 1469 1722 1500 108
1740 1478 1759 1499 a
1780 1478 1806 1499 1.

1657 1872 1697 1905 O.
1718 1881 1756 1914 29
1774 1884 1804 1904 a.
