1945 3079
830 109 914 154 405

106 215 283 270 proprio
312 214 552 256 secundum
583 213 933 267 magnitudinem
956 227 1095 256 suam.
1158 212 1237 255 Set
1266 212 1375 254 alius
1399 212 1557 253 modus
1580 217 1645 253 est

105 284 368 339 procedendi
395 283 464 324 hic
492 296 568 337 per
589 283 708 323 viam
735 282 961 323 divisionis
985 282 1112 324 orbis.
1179 282 1442 323 Aristoteles
1463 281 1642 334 quidem

104 353 249 408 arguit
285 353 404 405 quod
443 352 479 391 si
514 350 641 391 stella
669 349 673 405 Ι
704 355 951 391 moveretur
984 351 1025 390 in
1058 351 1163 391 orbe
1195 351 1249 391 de
1281 350 1377 391 loco
1409 350 1464 391 ad
1496 348 1640 390 locum

104 421 318 462 divideret
354 426 500 474 partes
538 420 655 461 orbis
693 425 736 460 et
773 419 833 459 sic
872 425 1026 460 natura
1062 419 1141 460 celi
1179 424 1294 460 esset
1335 418 1641 471 corruptibilis.

67 509 84 541 5
106 489 219 530 Item
245 490 388 543 arguit
414 489 534 542 quod
561 494 664 529 tunc
692 501 749 528 ex
775 486 1001 528 collisione
1025 487 1241 540 majorum
1263 501 1496 541 corporum
1520 486 1643 527 fieret

103 571 236 599 sonus
265 564 355 599 tam
380 557 598 598 horribilis
627 557 745 610 quod
774 556 888 597 auris
916 556 1112 597 mortalis
1135 569 1221 596 non
1245 562 1393 610 posset
1416 556 1641 605 sustinere,

103 633 237 680 atque
273 632 422 668 tantus
465 631 611 667 motus
648 625 771 666 fieret
813 625 974 679 ubique
1011 631 1190 678 propter
1228 631 1398 665 motum
1440 625 1641 665 tremoris

105 695 350 736 maximum
388 695 430 735 in
467 694 755 748 generacione
787 693 886 735 talis
924 694 1018 734 soni
1050 694 1169 746 quod
1203 691 1333 733 nichil
1364 699 1512 745 posset
1545 706 1640 745 per-

104 777 280 805 manere
308 764 351 804 in
383 777 462 804 suo
494 763 579 803 situ
614 762 800 803 naturali
837 768 881 803 et
912 762 1059 815 quiete
1090 762 1249 812 debita,
1281 767 1326 802 et
1358 761 1458 802 ideo
1491 761 1640 802 omnia

45 851 84 875 10
102 832 443 874 dissolverentur
464 832 533 873 hic
555 831 741 872 inferius.

136 900 241 943 -Set
274 907 427 942 contra
459 900 543 941 hoc
573 900 770 950 obicitur,
801 907 845 941 et
876 913 993 955 pono
1026 906 1179 942 contra
1210 901 1416 948 raciones,
1449 899 1564 953 quod
1605 899 1639 939 si

102 983 261 1023 corpus
283 970 443 1012 celeste
465 975 618 1010 natum
636 976 701 1011 est
724 969 886 1011 moveri
909 969 1149 1010 secundum
1170 969 1351 1011 modum
1375 982 1451 1010 sue
1474 968 1642 1021 magni-

101 1039 265 1080 tudinis
308 1044 430 1079 motu
473 1038 662 1092 proprio,
699 1044 804 1078 tunc
844 1038 962 1078 orbis
1005 1036 1182 1078 Saturni
1225 1043 1476 1079 moveretur
1514 1037 1644 1077 cicius

101 1121 236 1161 quam
254 1107 370 1148 orbis
389 1107 514 1148 Lune
536 1107 629 1148 sine
651 1107 996 1161 comparacione,
1012 1106 1078 1159 cuj
1085 1119 1134 1146 us
1157 1107 1411 1160 oppositum
1429 1106 1641 1155 videmus,

42 1194 80 1227 15
101 1177 205 1230 quia
227 1176 354 1218 Luna
375 1190 454 1231 per
477 1189 671 1217 mensem
696 1182 739 1216 et
762 1175 978 1216 Saturnus
1000 1188 1076 1228 per
1099 1187 1152 1228 30
1178 1188 1327 1224 annos,
1349 1182 1393 1216 et
1415 1174 1476 1215 sic
1497 1174 1640 1215 celum

101 1245 327 1287 stellatum
345 1251 596 1286 moveretur
612 1258 690 1298 per
708 1257 905 1285 mensem
925 1244 967 1284 in
983 1244 1179 1296 circuitu,
1198 1257 1297 1284 cum
1315 1249 1463 1284 tamen
1482 1256 1635 1283 secun-

100 1314 205 1355 dum
230 1320 398 1354 motum
425 1313 672 1355 Ptholomei
706 1319 905 1354 movetur
935 1313 978 1353 in
1007 1318 1182 1354 centum
1212 1313 1336 1353 annis
1367 1313 1506 1365 gradu
1538 1326 1639 1362 uno,

100 1389 145 1424 et
176 1383 417 1424 secundum
450 1382 615 1423 Tebith
647 1395 734 1423 non
765 1382 1002 1435 pertransit
1031 1382 1073 1421 in
1100 1387 1270 1434 septem
1301 1381 1424 1421 annis
1457 1381 1640 1435 gradum

101 1465 248 1493 unum.
317 1451 407 1493 Sed
452 1451 580 1491 Luna
621 1464 697 1504 per
740 1463 934 1491 mensem
976 1455 1124 1491 totum
1167 1448 1375 1490 circulum
1417 1450 1641 1502 percurrit,

41 1536 82 1559 20
100 1521 236 1562 immo
269 1534 346 1573 per
378 1529 428 1573 27
463 1520 557 1561 dies
588 1525 631 1561 et
664 1518 753 1560 fere
782 1519 964 1560 terciam
997 1518 1122 1559 unius
1147 1518 1246 1559 diei.
1311 1518 1371 1558 Et
1403 1518 1639 1559 dicendum

99 1596 166 1631 est
187 1589 307 1643 quod
324 1589 404 1630 hec
425 1589 621 1643 objeccio
654 1601 740 1629 non
765 1587 868 1629 facit
889 1587 972 1628 nisi
994 1588 1113 1641 quod
1138 1593 1285 1628 movet
1306 1587 1639 1628 contencionem

67 1650 72 1654 ⁴
99 1658 212 1700 inter
243 1658 463 1699 naturales
490 1664 533 1699 et
564 1657 900 1699 mathematicos
926 1657 982 1698 de
1008 1663 1129 1697 motu
1160 1654 1367 1706 celorum,
1389 1661 1433 1696 et
1459 1655 1641 1696 solvitur

99 1727 154 1768 ad
184 1727 362 1780 plenum
391 1740 468 1781 per
495 1726 844 1768 incurvacionem
868 1725 1129 1779 Alpetragii,
1153 1730 1196 1765 et
1227 1725 1326 1766 ideo
1356 1737 1442 1765 non
1472 1730 1540 1765 est
1568 1724 1638 1765 hic

97 1796 154 1837 de
174 1795 256 1838 hoc
278 1795 376 1849 plus
397 1796 642 1836 dicendum.

40 1881 78 1913 25
158 1864 219 1905 Et
255 1865 374 1918 quod
412 1863 599 1905 obicitur
639 1863 696 1904 de
732 1863 946 1904 divisione
979 1863 1098 1905 orbis
1129 1863 1265 1903 habet
1296 1861 1640 1903 dubitacionem.

95 1933 286 1975 Videtur
325 1933 441 1974 enim
482 1933 602 1986 quod
646 1932 789 1974 celum
829 1932 884 1973 sit
922 1931 1139 1973 divisibile
1175 1936 1219 1972 et
1250 1931 1368 1985 quod
1407 1944 1493 1972 non
1525 1930 1642 1971 valet

97 2002 181 2043 hoc
206 2007 539 2056 argumentum:
576 1999 755 2042 ‘Celum
778 2007 844 2042 est
866 2000 1095 2051 divisibile,
1119 2013 1223 2053 ergo
1250 2006 1314 2041 est
1342 1999 1637 2053 corruptibile.

97 2070 243 2113 Omne
260 2071 375 2111 enim
393 2076 607 2124 quantum
627 2076 692 2111 est
706 2069 934 2119 divisibile,
951 2069 1093 2111 celum
1108 2076 1173 2110 est
1188 2069 1441 2122 hujusmodi
1456 2068 1477 2108 ³.
1523 2068 1638 2108 Item

97 2140 132 2181 si
155 2140 289 2181 homo
312 2145 426 2181 esset
449 2140 490 2180 in
514 2139 738 2193 superiore
761 2144 887 2192 parte
909 2138 1034 2191 ignis,
1064 2144 1107 2179 et
1136 2137 1317 2192 pelleret
1340 2138 1483 2179 celum
1506 2150 1637 2178 manu

37 2224 79 2256 30
97 2209 338 2259 sua‚celum
354 2222 441 2250 non
457 2209 688 2257 resisteret,
703 2208 807 2261 quia
822 2220 908 2247 non
927 2207 1062 2248 habet
1077 2204 1317 2263 du1·iciem‚{
1334 2220 1435 2247 nam
1451 2206 1636 2247 duricies

96 2283 299 2319 causatur
321 2291 346 2318 a
372 2277 502 2328 sicco,
531 2283 579 2317 ut
601 2275 868 2318 Aristoteles
891 2276 1086 2317 secundo
1107 2275 1159 2316 de
1184 2275 1473 2316 Generacz'one
1495 2276 1638 2324 docet,

97 2353 164 2388 set
195 2360 354 2400 corpus
382 2346 542 2387 resistit
563 2358 641 2400 per
662 2351 864 2386 naturam
887 2344 1077 2394 duriciei,
1098 2344 1201 2397 quia
1222 2344 1431 2385 diffinicio
1453 2343 1550 2385 duri
1573 2350 1640 2385 est

97 2416 215 2469 quod
245 2421 396 2456 natum
427 2421 493 2456 est
523 2415 735 2455 resistere.
800 2414 921 2466 Ergo
951 2412 1094 2454 celum
1124 2412 1302 2467 pellenti
1330 2414 1515 2460 cederet,
1537 2413 1639 2466 quia

95 2484 224 2525 daret
247 2484 390 2525 locum
413 2483 562 2524 manui
585 2490 633 2524 ut
657 2482 955 2536 ingrederetur
977 2481 1088 2523 inter
1111 2487 1258 2536 partes
1280 2481 1386 2536 ejus.
1431 2481 1511 2523 Set
1533 2488 1637 2522 tunc

36 2569 77 2601 35
96 2551 273 2606 oportet
295 2553 438 2607 ipsum
460 2552 608 2592 dividi.

156 2623 271 2663 Item
294 2621 412 2674 quod
436 2621 470 2661 si
493 2620 715 2661 dividatur
735 2633 822 2661 non
845 2625 1052 2673 sequatur
1073 2620 1216 2674 ipsum
1240 2633 1334 2662 esse
1355 2619 1637 2673 corruptibile

95 2690 282 2742 videtur,
326 2690 432 2743 quia
474 2689 629 2730 divisio
675 2696 740 2730 est
792 2689 938 2743 passio
979 2702 1249 2743 consequens
1301 2689 1636 2731 continuitatem

139 2784 158 2813 5
183 2774 221 2805 de
239 2773 312 2805 Celo
328 2778 357 2805 et
371 2772 503 2805 Mundo
520 2773 552 2805 ii.
573 2775 692 2813 52-56.
827 2784 865 2813 31
893 2776 939 2805 de
958 2774 1234 2816 Generaeione]
1253 2774 1285 2806 ii.
1309 2784 1356 2814 13.

1665 352 1811 394 ¹17b¹·

1659 2217 1722 2253 117
1740 2212 1761 2244 b
1779 2220 1809 2245 2.
