1945 3079
795 115 874 157 321

0 209 3 213 ”
66 215 296 270 cujuslibet
328 215 575 269 speculacio
613 215 742 269 plena
774 230 904 269 super
935 218 1172 271 septimam
1217 218 1373 261 decimi
1415 218 1610 261 Euclidis

68 285 336 338 requiratur;
369 290 518 325 tamen
542 290 589 325 ut
612 285 901 339 philosophus
931 287 1141 328 naturalis
1164 302 1298 340 purus
1319 289 1469 329 videat
1491 288 1609 341 quod

67 353 404 395 mathematicus
436 354 579 407 ipsum
611 361 758 407 potest
787 354 1001 396 deducere
1031 363 1162 409 prout
1185 356 1278 397 vult
1307 364 1399 398 tam
1423 357 1464 397 in
1492 356 1611 397 falsis

66 436 199 477 quam
223 424 265 463 in
287 423 412 473 veris,
435 429 615 476 tangam
639 423 807 477 aliquid
835 424 891 464 de
913 425 1266 466 contradiccione
1287 425 1428 479 hujus.
1492 425 1609 466 Nam

30 503 47 535 5
67 506 123 533 ex
146 490 358 533 corelario
380 491 572 532 secundo
594 498 749 533 octave
773 490 776 542 Ι
802 493 1121 547 proposicionis
1139 494 1253 534 sexti
1271 494 1613 542 Elementorum,
1630 505 1673 537 94
1688 505 1708 526 a
1727 505 1756 527 ²·

67 561 247 615 planum
270 567 336 601 est
360 560 520 602 lineam
542 561 599 602 ab
623 561 784 615 angulo
816 569 934 603 recto
957 562 1138 604 ductam
1162 562 1218 603 ad
1241 562 1382 603 basim
1405 563 1612 616 trianguli

68 630 487 685 perpendiculariter
503 644 597 671 esse
616 631 764 672 medio
792 630 796 686 Ι
827 631 924 672 loco
943 631 1327 685 proporcionalem
1345 633 1455 673 inter
1469 639 1611 674 totam
1631 634 1672 667 O.
1691 643 1707 675 5
1727 633 1759 664 b.

68 699 209 740 basim
233 708 277 741 et
300 707 471 754 partem
495 700 613 741 basis
635 700 997 741 conterminalem
1015 700 1128 742 linee
1143 700 1322 753 prefate.
1373 700 1450 741 Set
1464 702 1614 755 hujus-

70 770 190 810 modi
213 770 331 811 basis
356 775 422 811 est
449 770 691 822 dyameter,
717 775 760 810 et
792 769 907 810 latus
934 769 1142 823 trianguli
1165 777 1230 811 est
1252 776 1376 811 costa
1397 770 1614 823 quadrati,

12 852 51 876 10
69 852 185 892 ergo,
200 839 431 893 proporcio
448 845 514 880 est
531 839 750 892 dyametri
769 839 825 879 ad
841 838 957 880 latus
974 839 1086 880 sicut
1108 839 1221 879 latus
1239 839 1295 879 ad
1314 845 1485 893 partem
1504 839 1612 892 dya-

70 908 194 949 me'tri
216 908 254 949 ei
277 908 612 949 conterminalis.
669 907 876 962 Sequitur
897 922 954 949 ex
977 908 1059 950 hoc
1080 908 1223 962 primo
1246 909 1364 962 quod
1389 909 1442 949 sit
1465 908 1613 962 aliqua

69 978 301 1032 proporcio
335 982 379 1018 et
411 991 487 1031 per
513 990 786 1030 consequens
818 978 1198 1019 commensuracio
1229 978 1343 1018 sicut
1365 979 1612 1032 proporcio,

68 1052 203 1099 atque
240 1047 433 1087 secundo
469 1046 588 1100 quod
622 1046 855 1100 proporcio
889 1053 932 1087 et
964 1047 1343 1087 commensuracio
1380 1047 1466 1088 sint
1498 1053 1615 1095 note,

68 1115 279 1170 quoniam
299 1115 518 1157 decimum
536 1115 795 1169 principium
811 1114 864 1168 5ti
876 1115 1209 1157 Elementorum
1227 1116 1270 1155 in
1287 1115 1427 1156 tribus
1441 1117 1613 1169 quanti-

12 1194 50 1227 15
69 1184 236 1226 tatibus
270 1184 476 1225 continue
513 1184 919 1238 proporcionalibus
956 1185 1086 1226 docet
1129 1185 1394 1237 investigare
1430 1199 1613 1238 propor-

70 1254 239 1294 cionem
258 1253 398 1306 prime
417 1253 473 1293 ad
493 1252 694 1293 ultimam
719 1266 796 1306 per
818 1266 915 1294 eam
943 1267 1029 1306 que
1051 1260 1117 1294 est
1140 1253 1277 1308 prime
1299 1254 1354 1294 ad
1377 1254 1614 1294 secundam

71 1322 306 1376 duplicata,
329 1327 395 1363 set
427 1322 568 1376 prime
590 1322 647 1362 ad
671 1321 873 1362 ultimam
897 1328 961 1362 est
987 1322 1056 1362 hic
1090 1328 1196 1362 nota
1228 1322 1434 1375 quoniam
1467 1323 1618 1376 dupla,

72 1405 150 1446 per
171 1405 333 1432 nonam
353 1391 494 1444 primi,
517 1397 562 1432 et
585 1390 703 1431 26tam
727 1390 950 1443 ejusdem3
985 1404 1102 1445 erg0‚
1125 1390 1199 1431 illa
1221 1404 1305 1444 que
1328 1391 1449 1431 ducit
1470 1404 1550 1432 nos
1573 1391 1616 1431 in

71 1461 163 1514 ejus
185 1461 502 1515 cognicionem,
527 1466 572 1501 et
599 1473 685 1512 que
707 1466 773 1500 est
802 1460 998 1500 medium
1020 1460 1076 1500 ad
1100 1460 1242 1513 ipsam
1265 1460 1617 1514 cognoscendam

15 1544 55 1566 20
74 1531 154 1572 erit
182 1530 322 1583 magis
348 1535 466 1581 nota,
489 1543 575 1582 que
597 1535 676 1578 est,
692 1528 869 1576 scilicet,
889 1529 959 1569 hic
976 1529 1088 1570 inter
1102 1530 1290 1584 primam
1309 1537 1353 1571 et
1367 1529 1620 1578 secundam,

72 1614 158 1654 que
173 1606 275 1642 sunt
292 1601 523 1654 dyameter
542 1605 586 1640 et
610 1605 744 1640 costa.
808 1599 869 1639 Et
891 1606 1092 1652 preterea
1110 1600 1144 1640 si
1163 1613 1214 1640 ea
1235 1613 1321 1653 que
1343 1613 1400 1640 ex
1422 1599 1620 1653 pluribus

72 1676 138 1711 est
173 1670 417 1724 composita
452 1674 558 1709 nota
594 1674 673 1721 est,
705 1675 813 1709 tunc
845 1668 1062 1723 simplicia
1096 1683 1153 1709 ex
1193 1669 1352 1722 quibus
1394 1669 1621 1722 componi-

72 1746 145 1781 tur
186 1745 292 1781 nota
328 1744 467 1779 erunt.
547 1736 627 1778 Set
673 1736 899 1790 duplicata
941 1737 1011 1779 hic
1055 1751 1113 1778 ex
1150 1739 1440 1792 proporcione
1480 1739 1620 1791 prime

72 1809 129 1850 ad
171 1808 422 1857 secundam,
457 1814 500 1848 et
535 1807 725 1847 secunde
763 1807 819 1848 ad
858 1807 1052 1859 terciam,
1089 1808 1337 1862 composita
1373 1813 1450 1858 est,
1485 1814 1534 1848 ut
1575 1808 1618 1848 in

14 1888 53 1920 25
78 1877 382 1920 communibus
402 1875 720 1917 Mathematz'ce
741 1876 1053 1924 demonstravi,
1078 1884 1121 1918 et
1144 1890 1296 1917 omnes
1319 1875 1620 1918 mathematici

74 1946 340 1989 sufficientes
370 1946 513 1986 sciunt
541 1945 639 1996 hoc,
663 1959 768 1998 ergo
797 1946 832 1985 si
858 1946 1105 1999 composita
1131 1951 1197 1986 est
1219 1951 1338 1997 nota,
1358 1951 1402 1986 et
1428 1944 1502 1985 illa
1531 1945 1620 1986 duo

73 2029 131 2056 ex
154 2016 312 2069 quibus
334 2013 616 2068 componitur
638 2020 766 2055 erunt
788 2020 907 2056 nota.
961 2014 1089 2064 Item,
1112 2015 1146 2056 si
1169 2014 1382 2055 habitudo
1405 2014 1536 2055 medii
1563 2016 1618 2055 ad

75 2092 276 2126 extrema
314 2090 379 2125 est
416 2090 534 2133 nota,
568 2090 612 2124 et
645 2083 862 2125 habitudo
894 2090 1197 2126 extremorum
1216 2097 1225 2134 3
1268 2083 1469 2124 similiter
1506 2091 1549 2125 et
1585 2084 1621 2124 si

73 2160 179 2196 nota
209 2154 290 2195 erit
320 2166 417 2202 una,
439 2159 482 2194 et
509 2152 688 2206 reliqua.
754 2153 867 2194 Item
899 2152 972 2195 illa
1001 2167 1087 2207 que
1117 2160 1184 2195 est
1213 2153 1323 2195 inter
1352 2153 1545 2194 medium
1578 2159 1621 2194 et

14 2235 56 2266 30
74 2231 274 2265 extrema
292 2229 358 2264 est
376 2220 585 2263 diffinicio
601 2222 715 2263 illius
732 2235 817 2275 que
832 2229 898 2264 est
921 2223 1034 2264 inter
1056 2229 1267 2265 extrema.
1317 2221 1395 2263 Set
1416 2220 1621 2263 diffinicio

74 2292 272 2334 notificat
302 2290 550 2344 diffinitum,
574 2297 617 2332 et
648 2291 786 2346 magis
808 2298 875 2333 est
904 2298 1011 2335 nota
1037 2291 1293 2345 simpliciter
1314 2297 1358 2332 et
1379 2290 1619 2332 secundum

74 2368 290 2403 naturam.
343 2360 456 2401 Item
476 2360 549 2401 illa
566 2373 652 2414 que
669 2367 736 2402 est
754 2361 866 2401 inter
880 2362 1163 2413 dyametrum
1181 2366 1224 2402 et
1242 2359 1619 2401 semidiametrum

119 2519 159 2550 14
180 2508 428 2550 principium]
446 2510 468 2542 i.
481 2520 512 2542 e.
530 2510 722 2541 definition.

118 2658 137 2678 2
162 2647 405 2688 philosophus]
424 2647 479 2678 hic
500 2645 531 2677 O
666 2657 685 2685 4
710 2645 868 2687 tangam]
887 2650 1026 2685 tangam
1042 2645 1166 2677 saltem
1185 2645 1216 2676 O
1344 2646 1366 2675 6
1390 2649 1485 2676 recto
1497 2655 1563 2676 om.
1583 2645 1625 2675 M

74 2699 95 2730 8
120 2703 155 2730 et
181 2703 312 2738 partem
337 2699 430 2730 basis
454 2709 520 2731 om.
548 2698 590 2728 M
733 2709 754 2738 9
777 2697 952 2739 quadrati]
976 2698 1103 2737 cogniti
1128 2697 1171 2728 M
1305 2707 1345 2728 10
1368 2697 1410 2728 ad
1432 2697 1520 2727 latus
1542 2721 1548 2728 .
1575 2720 1583 2728 .
1612 2721 1620 2728 .

76 2750 324 2790 dyametriom.
337 2749 379 2781 M
446 2753 495 2791 16,
512 2760 550 2789 17
575 2759 637 2790 per
653 2760 727 2781 eam
746 2774 752 2781 .
770 2773 777 2781 .
800 2775 807 2782 .
827 2749 997 2791 ultimam]
1014 2760 1081 2789 que
1097 2749 1138 2779 M
1196 2759 1238 2788 23
1262 2749 1317 2780 hic
1334 2758 1402 2780 om.
1415 2747 1457 2778 M
1521 2749 1563 2779 28
1587 2754 1622 2780 et

76 2801 176 2843 si]-ut
193 2801 220 2832 si
236 2801 277 2832 M
408 2812 452 2841 30
475 2807 527 2833 est
539 2801 610 2842 pn]
628 2801 691 2833 erit
710 2801 741 2832 O

145 2880 172 2897 R.
188 2879 214 2897 Β.
231 2879 259 2896 iv
839 2867 863 2897 Z
