1945 3079
149 900 276 934 94a1.

1029 76 1111 119 320

289 199 401 227 vere.
465 185 583 225 Nam
617 182 813 237 quelibet
845 181 1080 236 singularis
1113 187 1178 222 est
1206 194 1318 231 vera,
1341 193 1447 235 ergo
1480 178 1766 229 universalis;
1798 184 1843 219 et

290 255 389 295 ideo
412 254 565 295 dicunt
590 252 692 293 ‘hec
716 251 966 306 proposicio
990 257 1056 292 est
1084 249 1306 304 possibilis
1328 250 1535 292 absolute
1557 251 1579 270 “
1595 262 1755 303 corpus
1778 253 1844 289 est

289 324 479 365 divisum
501 323 742 364 secundum
765 322 918 363 omnia
939 326 1105 375 puncta
1119 319 1160 337 '''
1184 333 1286 361 nam
1305 319 1502 374 quelibet
1520 318 1753 374 singularis
1775 322 1843 360 est

290 392 522 447 possibilis,
537 400 580 434 et
598 391 716 445 quod
735 391 833 446 plus
855 396 935 442 est,
952 391 1131 431 cuilibet
1149 389 1220 430 alii
1238 388 1563 443 compossibilis
1578 394 1643 429 est
1665 388 1705 428 ei
1723 400 1846 429 corn-

289 469 455 516 parata,
477 461 580 515 quia
612 462 668 503 ad
702 459 1043 515 possibilitatem
1071 458 1328 501 universalis
1358 457 1552 513 exigitur
1577 456 1846 510 possibilitas
1865 473 1883 505 5

291 530 527 584 cujuslibet
565 531 808 584 singularis,
846 536 890 571 et
927 529 1045 582 quod
1089 527 1285 582 quelibet
1321 528 1378 568 sit
1414 527 1487 586 alii
1525 518 1847 581 conpossibilis.

296 602 432 643 Unde
469 601 550 642 hec
581 600 829 656 proposicio
863 603 1021 640 ‘omne
1052 599 1312 652 contingens
1348 604 1415 639 est
1445 595 1624 638 verum'
1662 602 1729 638 est
1766 596 1849 636 im-

295 670 529 726 possibiliS‚
552 670 656 723 quia
683 669 785 711 licet
807 669 1039 723 singularis
1061 667 1257 722 quelibet
1288 668 1344 709 sit
1367 666 1597 720 possibilis,
1619 672 1772 707 tamen
1803 665 1848 706 in

294 740 648 782 contradictoriis
682 753 767 780 una
802 752 889 780 non
927 745 993 779 est
1030 737 1103 779 alii
1140 736 1479 791 compossibilis,
1512 735 1617 791 quia
1654 748 1743 777 non
1782 740 1849 776 θεῖ

296 810 439 851 simile
460 823 571 859 vere,
594 823 674 849 nec
697 809 740 849 in
763 808 992 851 contrariis
1014 806 1386 861 contingentibus.
1417 804 1422 861 Ι

358 878 438 920 Set
466 878 623 919 divisio
652 878 694 918 in
718 877 764 918 A
786 883 952 932 puncto
974 890 1062 917 non
1085 883 1305 929 repugnat
1328 876 1528 917 divisioni
1550 875 1592 916 in
1618 875 1654 916 B
1684 880 1850 929 puncto

297 962 377 990 nec
401 949 443 989 in
469 947 503 990 C
527 954 693 1002 puncto
715 954 759 989 et
788 947 848 988 sic
872 947 928 987 de
950 959 1214 999 quocunque
1237 946 1358 997 dato,
1381 945 1485 999 quia
1511 958 1599 986 non
1621 951 1722 986 sunt
1745 957 1850 986 con-

297 1018 431 1059 traria
454 1031 532 1058 nec
555 1016 907 1058 contradictoria.
952 1015 1240 1069 Quapropter
1256 1016 1430 1067 videtur
1450 1015 1571 1069 quod
1595 1014 1851 1056 universalis

297 1088 391 1142 ipsa
408 1087 465 1128 sit
488 1085 722 1139 possibilis.
776 1085 835 1126 Et
857 1085 960 1126 licet
983 1085 1064 1126 hec
1082 1085 1138 1126 sit
1161 1084 1335 1126 subtilis
1358 1084 1681 1138 sophisticacio,
1699 1090 1849 1137 tamen

299 1156 482 1198 solvitur
499 1169 576 1210 per
592 1155 691 1205 hoc,
708 1155 828 1208 quod
848 1154 950 1196 licet
974 1154 1133 1195 divisio
1157 1154 1200 1194 in
1219 1153 1264 1194 A
1287 1160 1452 1208 puncto
1475 1167 1563 1195 non
1587 1154 1850 1196 contradicit

298 1226 501 1267 divisioni
534 1225 577 1265 in
603 1225 638 1265 B
666 1230 846 1278 puncto,
871 1238 950 1265 nec
982 1223 1188 1265 divisioni
1215 1224 1257 1264 in
1279 1223 1390 1265 alico
1412 1223 1586 1277 signato
1608 1230 1775 1278 puncto
1807 1230 1852 1266 et

299 1296 608 1345 determinato,
626 1301 776 1335 tamen
805 1294 960 1335 divisio
992 1294 1034 1334 in
1058 1293 1102 1334 A
1129 1301 1296 1347 puncto
1325 1300 1541 1347 repugnat
1575 1294 1778 1335 divisioni
1807 1295 1850 1336 in

300 1365 413 1406 alico
456 1370 622 1418 puncto
660 1363 1014 1413 indeterminate,
1054 1369 1236 1416 propter
1277 1362 1361 1403 hoc
1403 1364 1524 1417 quod
1564 1364 1645 1404 hec
1686 1371 1854 1417 puncta

301 1440 480 1487 sumpta
521 1433 652 1474 simul
694 1433 808 1474 sumi
851 1438 1033 1486 possunt
1073 1432 1386 1474 convenienter
1426 1432 1470 1473 in
1512 1431 1733 1474 infinitum
1775 1447 1854 1487 per

302 1503 538 1544 divisiones
561 1503 845 1544 succedentes
867 1502 949 1543 sibi
973 1502 1015 1542 in
1039 1500 1273 1553 infinitum,
1298 1501 1398 1544 licet
1419 1502 1547 1543 simul
1571 1503 1614 1543 in
1636 1509 1738 1544 actu
1763 1516 1849 1545 non

300 1578 486 1627 possunt
507 1572 620 1613 sumi
643 1585 722 1612 nec
742 1572 916 1626 signari.

362 1641 440 1684 Set
476 1641 749 1683 Democritei
784 1640 921 1682 alcius
954 1640 1129 1683 elevant
1161 1641 1405 1696 supercilia,
1438 1642 1717 1684 intendentes
1752 1656 1851 1697 pro-

301 1711 495 1764 positum
524 1717 778 1752 construere
810 1724 887 1764 per
915 1710 996 1753 hoc
1019 1712 1139 1764 quod
1171 1712 1473 1753 contradicere
1501 1712 1656 1754 volunt
1686 1712 1853 1754 incom-

303 1780 669 1822 mensurabilitati
698 1787 741 1821 et
773 1780 1049 1834 inequalitati
1082 1787 1204 1822 coste
1236 1788 1278 1822 et
1311 1781 1545 1835 dyametri.
1608 1781 1854 1836 Equalitati

302 1851 420 1891 enirn
443 1856 509 1892 est
530 1851 853 1891 contradictum
878 1851 920 1890 in
944 1850 1065 1891 libris
1088 1864 1240 1892 eorum
1269 1865 1347 1905 per
1372 1851 1454 1893 hoc
1477 1852 1597 1904 quod
1620 1851 1856 1904 dyameter

304 1933 382 1961 nec
417 1934 442 1960 a
473 1919 599 1960 lineis
636 1920 765 1960 rectis
800 1921 1038 1973 protractis
1070 1921 1112 1961 in
1145 1926 1242 1962 toto
1274 1921 1425 1974 spacio
1459 1921 1571 1962 inter
1602 1920 1743 1962 latera
1775 1934 1855 1962 nec

304 1989 523 2043 aliquibus
559 1989 654 2029 aliis
690 1989 875 2031 habebit
906 1997 1081 2044 puncta,
1114 1997 1180 2032 set
1212 2005 1237 2032 a
1269 1991 1426 2044 seipsa,
1458 1991 1701 2032 secundum
1733 1991 1853 2045 quod

305 2059 479 2100 videtur
506 2059 831 2100 demonstracio
861 2073 1111 2113 supponere
1139 2061 1195 2101 ad
1229 2060 1311 2101 hoc
1346 2061 1537 2102 inducta.
1600 2060 1676 2102 Set
1705 2067 1854 2103 tamen

305 2128 386 2169 hoc
406 2142 581 2170 necesse
599 2135 664 2169 est
682 2129 801 2182 quod
821 2129 894 2171 ille
913 2129 1025 2170 linee
1043 2136 1187 2170 totum
1207 2130 1405 2183 spacium
1423 2131 1465 2170 in
1483 2130 1644 2183 quibus
1666 2130 1856 2174 trahitur

1871 819 1911 843 10

1873 1173 1911 1205 15

1874 1521 1915 1544 20

1876 1875 1915 1908 ²5

304 2198 520 2239 diameter
568 2205 796 2252 occupant,
836 2212 971 2252 quare
1017 2205 1181 2253 puncta
1227 2199 1450 2252 dyametri
1493 2200 1584 2262 sive
1625 2213 1651 2240 a
1693 2213 1741 2241 se
1783 2200 1856 2242 illa
1875 2221 1918 2253 30

306 2267 510 2316 habeant,
545 2267 635 2308 sive
669 2281 694 2308 a
731 2267 857 2308 lineis
892 2269 1042 2309 tractis
1075 2275 1203 2309 erunt
1236 2268 1409 2325 equalia
1442 2268 1484 2308 in
1517 2282 1700 2310 numero
1733 2269 1857 2311 lineis

307 2335 404 2386 illis,
423 2342 465 2376 et
483 2350 613 2390 super
630 2336 915 2389 equalitatem
936 2343 979 2378 et
998 2337 1325 2390 idemptitatem
1350 2343 1613 2390 punctorum
1637 2338 1855 2391 dyametri

307 2412 350 2446 et
376 2404 588 2445 linearum
617 2404 918 2447 indifferenter
947 2407 1078 2446 currit
1109 2407 1446 2457 demonstracio‚
1471 2413 1514 2448 et
1545 2407 1645 2448 ideo
1672 2421 1760 2448 non
1790 2415 1856 2450 est

308 2473 691 2527 impedimentum.
755 2476 825 2515 De
847 2475 1376 2518 incmnmensurabilitate
1405 2489 1509 2517 vcro
1539 2475 1754 2518 difficilius
1777 2483 1854 2526 est,

352 2603 373 2632 6
397 2602 468 2643 alii]
489 2603 587 2634 alteri
607 2603 637 2634 Ο
798 2605 818 2634 8
843 2604 1029 2645 possibilis]
1049 2605 1262 2645 inpossibilis
1282 2605 1313 2636 Ο
1471 2615 1492 2645 9
1516 2605 1590 2647 alii]
1607 2605 1672 2637 alia
1688 2606 1809 2639 similis
1828 2607 1859 2639 Ο

311 2664 416 2685 11-12
442 2655 469 2685 B
488 2679 495 2686 .
516 2678 523 2685 .
544 2679 551 2687 .
572 2656 605 2686 in
624 2667 690 2687 om.
711 2656 750 2686 M
824 2667 863 2687 21
892 2657 1053 2699 possunt]
1073 2662 1215 2698 possent
1234 2658 1264 2688 O
1334 2668 1375 2688 22
1401 2658 1637 2700 intendentes]
1657 2659 1808 2691 intentes
1826 2660 1858 2691 Ο

307 2717 349 2747 24
373 2708 599 2750 inequalitati]
618 2709 795 2748 equalitati
817 2709 847 2740 O
986 2720 1026 2750 25
1051 2715 1103 2742 est
1120 2711 1386 2752 contradictum]
1409 2711 1554 2742 vidimus
1571 2712 1809 2745 contradicere
1828 2712 1859 2744 Ο

308 2768 350 2798 29
375 2759 479 2800 quod]
499 2761 577 2799 quia
596 2760 626 2790 O
715 2761 852 2802 quibus]
871 2772 937 2801 quo
957 2763 987 2794 O
1121 2772 1158 2802 31
1188 2764 1305 2794 tractis
1323 2787 1329 2794 .
1353 2788 1358 2794 .
1379 2793 1384 2797 ,
1403 2763 1503 2795 lineis
1521 2774 1587 2795 om.
1608 2763 1648 2795 M
