1945 3079
123 1573 273 1608 116b2.

1033 80 1117 118 402

304 184 558 237 rupcionem
582 183 623 223 in
646 182 728 222 hiis
752 181 1040 233 inferioribus,
1067 189 1110 224 et
1134 182 1235 224 ideo
1258 183 1536 224 adducuntur
1560 197 1638 238 per
1666 190 1851 236 motum,

302 266 382 293 nec
397 253 553 293 sufficit
571 252 690 305 quod
706 258 854 306 partes
869 252 986 293 orbis
1003 252 1088 293 sint
1103 259 1328 306 presentes
1342 259 1386 294 et
1404 266 1533 307 super
1547 253 1851 295 habitancium

301 321 462 374 capita,
483 321 587 375 quia
610 322 671 362 eis
694 334 781 362 non
802 321 1032 363 ascribitur
1053 327 1251 375 potestas
1272 322 1585 375 generacionis‚
1618 337 1724 377 ergo
1751 336 1852 365 cum

301 397 500 444 potestas
544 391 842 445 generacionis
887 397 930 432 et
969 391 1062 444 ejus
1107 390 1300 444 privacio
1342 405 1430 432 non
1466 392 1637 446 possint
1679 405 1774 433 esse
1808 393 1852 432 in

301 461 455 501 eadem
478 466 634 502 natura
656 459 872 515 specifica,
895 466 1043 514 partes
1066 460 1184 502 orbis
1210 467 1254 502 et
1276 460 1401 502 stelle
1418 474 1507 502 non
1528 467 1631 502 sunt
1653 460 1851 514 ejusdem
1872 475 1890 508 5

299 536 468 572 nature.
1604 519 1606 521 Ι
1713 571 1717 574 ,

360 600 455 642 Nec
477 605 653 654 oportet
677 600 820 642 dicere
841 599 961 654 quod
984 598 1081 654 plus
1104 599 1276 641 virtutis
1297 600 1550 653 generative
1572 600 1696 641 estin
1715 599 1852 641 stellis

300 683 434 723 quarn
468 670 510 710 in
544 669 826 723 porcionibus
860 669 993 719 orbis,
1026 675 1069 710 et
1102 669 1203 710 ideo
1236 682 1325 711 non
1357 669 1567 711 differunt
1599 662 1753 723 specie,
1785 676 1853 712 set

299 739 541 780 secundum
572 739 713 793 majus
739 745 783 780 et
821 739 965 779 minus
999 738 1200 792 ejusdem
1244 738 1431 793 speciei:
1485 739 1569 780 hoc
1610 744 1727 780 stare
1763 751 1852 779 non

299 814 458 862 potest.
523 809 642 849 Nam
667 807 794 849 stella
816 814 883 850 est
904 821 1063 861 corpus
1085 815 1269 862 parvum
1292 796 1494 862 respectu
1513 807 1763 849 medietatis
1785 808 1851 849 sui
1874 821 1915 844 10

299 877 429 927 orbis,
452 891 537 931 que
568 883 754 932 apparet
785 891 918 932 super
949 877 1278 919 habitacionem
1310 878 1511 928 eandem,
1535 883 1579 919 et
1608 891 1696 919 non
1718 877 1852 920 habet

297 948 422 1000 quasi
455 948 851 1001 comparacionem,
884 960 987 1001 ergo
1023 947 1153 1001 longe
1189 947 1289 1000 plus
1321 947 1495 989 virtutis
1523 954 1639 989 esset
1673 948 1716 988 in
1754 954 1852 989 tota

297 1029 385 1057 una
429 1017 670 1057 medietate
711 1030 846 1070 quam
889 1016 933 1056 in
976 1016 1104 1057 stella
1145 1029 1293 1069 parva.
1378 1015 1458 1058 Set
1499 1029 1674 1070 semper
1713 1016 1852 1058 altera

298 1085 513 1127 medietas
536 1086 672 1126 fertur
693 1100 825 1139 super
847 1085 1037 1127 eandem
1071 1085 1308 1139 regionem,
1332 1099 1438 1140 ergo
1466 1099 1554 1127 non
1584 1092 1734 1140 potest
1756 1100 1852 1128 esse

296 1154 416 1206 quod
440 1154 569 1196 stella
590 1160 633 1196 et
657 1155 775 1196 orbis
796 1154 885 1196 sint
907 1153 1103 1207 ejusdem
1128 1154 1305 1208 speciei.
1723 1179 1726 1184 ·
1787 1202 1789 1205 ,
1873 1165 1911 1199 Ι5

354 1222 401 1264 Si
434 1224 605 1266 dicatur
637 1224 744 1265 illud
779 1224 1108 1266 Comentatoris
1130 1225 1323 1265 secundo
1352 1222 1443 1266 Celz'
1469 1230 1511 1265 et
1534 1218 1707 1266 Mundi
1725 1225 1845 1279 quod

295 1292 423 1333 stella
445 1300 489 1335 et
511 1293 630 1334 orbis
653 1307 742 1334 non
772 1292 983 1334 differunt
1005 1293 1086 1334 nisi
1110 1306 1188 1347 per
1211 1293 1426 1347 majorem
1455 1295 1849 1348 congregacionem

294 1370 338 1405 et
381 1364 597 1406 minorem
639 1363 891 1405 substancie
936 1362 1112 1404 celestis
1154 1363 1393 1404 dicendum
1434 1370 1499 1405 est
1541 1364 1662 1418 quod
1697 1365 1732 1406 si
1769 1363 1850 1406 hec

293 1434 546 1488 proposicio
576 1435 631 1474 ad
663 1433 840 1488 plenum
878 1432 1163 1486 intelligatur,
1194 1445 1282 1473 non
1317 1438 1384 1474 est
1418 1439 1571 1474 contra
1604 1434 1846 1476 veritatem.

295 1502 412 1544 Nam
448 1516 549 1544 cum
585 1504 670 1543 ista
704 1502 1052 1556 congregacione
1094 1501 1333 1543 includitur
1373 1504 1625 1544 substancia
1667 1503 1840 1546 celestis
1871 1522 1912 1544 20

293 1572 444 1613 debita
480 1572 617 1621 stelle,
654 1572 769 1613 unde
795 1569 800 1623 1
831 1585 919 1612 non
952 1570 1147 1625 loquitur
1179 1571 1233 1612 de
1265 1572 1614 1626 congregacione
1647 1572 1848 1626 ejusdem

293 1647 447 1682 nature
470 1639 642 1682 celestis
665 1647 731 1682 set
760 1641 940 1691 diverse,
963 1641 1359 1694 congregacionem
1388 1648 1540 1683 tamen
1568 1648 1697 1684 vocat
1719 1642 1842 1684 illam

292 1723 378 1763 que
406 1711 509 1752 facit
541 1710 729 1752 stellam.
793 1710 986 1763 Oportet
1023 1710 1140 1751 enim
1174 1711 1293 1764 quod
1336 1709 1526 1751 multum
1557 1711 1615 1752 sit
1648 1712 1705 1752 de
1735 1712 1841 1753 sub-

292 1780 459 1821 stancia
473 1779 552 1821 celi
572 1780 613 1820 in
633 1793 817 1833 corpore
830 1779 956 1821 stelle
970 1786 1154 1834 propter
1169 1779 1356 1821 multam
1373 1780 1594 1821 accionem
1615 1779 1721 1834 eius,
1738 1786 1781 1822 et
1803 1781 1846 1822 in

291 1850 499 1903 porcione
522 1849 640 1890 orbis
663 1863 832 1903 parum,
855 1855 900 1890 et
921 1849 1021 1890 ideo
1043 1848 1171 1890 stella
1195 1855 1261 1890 est
1284 1862 1442 1903 corpus
1464 1850 1663 1901 densum,
1680 1856 1723 1891 et
1744 1864 1846 1904 pars
1869 1871 1907 1904 ²5

290 1919 409 1960 orbis
438 1925 504 1960 est
534 1932 639 1960 rara.
705 1917 1009 1973 Congregacio
1039 1919 1172 1973 igitur
1198 1918 1374 1972 proprie
1403 1918 1653 1960 substancie
1675 1919 1846 1961 celestis

290 1994 489 2042 respectu
520 1987 647 2030 stelle
678 1988 782 2030 facit
817 1988 1006 2035 stellam,
1044 1995 1087 2029 et
1125 1988 1344 2043 dispercio
1380 1988 1632 2030 substancie
1672 1988 1846 2032 celestis

288 2056 468 2097 alterius
501 2057 543 2097 in
575 2063 732 2098 natura
764 2056 868 2097 facit
900 2057 1127 2110 porciones
1160 2057 1291 2098 orbis.
1354 2057 1413 2098 Et
1440 2056 1521 2099 hec
1553 2063 1622 2099 est
1654 2058 1845 2100 intencio

291 2125 679 2177 Commentatoris‚
695 2126 819 2179 cujus
834 2127 1006 2180 plenior
1028 2126 1207 2168 dabitur
1229 2127 1457 2181 exposicio
1481 2126 1523 2166 in
1546 2127 1844 2180 sequentibus,

287 2201 467 2249 propter
489 2209 663 2237 causam
686 2195 819 2236 aliam
843 2201 886 2236 et
905 2208 1068 2236 novum
1092 2209 1282 2236 errorem
1304 2195 1550 2236 vitandum.
1864 2204 1906 2235 30

348 2263 395 2305 Si
418 2265 591 2307 dicatur
612 2265 732 2318 quod
753 2264 1022 2306 Aristoteles
1049 2257 1247 2305 *ostendit
1276 2263 1450 2306 stellam
1477 2278 1572 2305 esse
1603 2265 1841 2306 rotundam

288 2340 466 2386 propter
498 2335 816 2375 rotunditatem
846 2335 975 2385 orbis,
1009 2335 1116 2375 item
1154 2334 1346 2375 ostendit
1380 2340 1552 2375 motum
1584 2333 1841 2376 circularem

288 2416 382 2444 esse
406 2403 449 2443 in
471 2403 611 2444 stellis
633 2404 736 2457 quia
760 2404 801 2444 in
826 2404 1023 2456 orbibus,
1057 2417 1161 2456 ergo
1185 2403 1360 2444 videtur
1381 2404 1501 2456 quod
1535 2403 1622 2445 sint
1644 2403 1841 2456 ejusdem

287 2478 455 2512 nature.
519 2472 771 2513 Dicendum
794 2479 859 2513 est
883 2474 1003 2526 quod
1022 2479 1123 2514 sunt
1146 2472 1343 2526 ejusdem
1366 2478 1522 2513 nature
1544 2471 1771 2525 generalis,
1795 2472 1839 2514 id

287 2547 365 2588 est,
395 2540 581 2594 celestis,
610 2542 666 2582 ad
699 2555 832 2595 quam
869 2547 1159 2583 consecuntur
1193 2541 1276 2582 hee
1310 2540 1605 2594 proprietates
1646 2554 1724 2595 per
1760 2555 1839 2595 op·
1860 2554 1901 2587 35

286 2610 481 2662 positum
518 2611 575 2652 ad
613 2610 925 2652 elementarem
959 2617 1177 2658 naturam,
1205 2615 1272 2651 set
1303 2623 1388 2650 non
1421 2615 1604 2662 propter
1623 2609 1714 2652 -hoc
1737 2616 1837 2652 sunt

287 2678 483 2730 ejusdem
506 2687 662 2721 nature
685 2679 897 2733 specialis,
922 2686 965 2721 et
983 2680 1082 2721 ideo
1106 2693 1192 2720 non
1214 2678 1499 2720 concluditur.

333 2769 372 2798 16
397 2771 477 2800 Geli
495 2772 532 2801 et
549 2769 705 2811 Mundi]
724 2770 757 2801 ii.
776 2780 816 2808 41
835 2780 954 2801 comm.
1093 2779 1133 2809 31
1161 2768 1198 2800 de
1217 2768 1291 2801 Celo
1307 2772 1335 2800 et
1351 2767 1483 2800 Mundo
1499 2768 1532 2800 ii.
1551 2778 1604 2808 51.
