1945 3079
99 149 248 181 123at.

106 2006 205 2046 123b
226 2012 257 2035 1.

996 38 1083 77 422

269 133 324 174 ad
349 131 634 180 occidentem,
663 128 667 185 Ι
697 136 742 171 et
763 133 946 170 vocatur
968 128 1178 171 deferens.
1241 127 1319 171 Set
1342 135 1540 183 respectu
1563 129 1701 171 centri
1724 128 1815 183 ejus

271 207 471 242 movetur
493 199 699 254 epiciclus
721 198 1056 240 inuniformiter.

325 269 458 311 Alius
484 275 632 310 autem
667 267 853 310 circulus
883 273 1069 308 vocatur
1103 281 1281 321 equans,
1313 268 1416 322 quia
1446 274 1647 322 respectu
1679 268 1816 310 centri

268 339 362 392 ejus
395 344 596 379 movetur
632 343 832 378 centrum
877 335 1044 390 epicicli
1086 336 1312 390 equaliter.
1395 336 1626 378 Situantur
1665 343 1815 378 autem

267 421 420 449 eorum
453 413 605 448 centra
636 420 737 448 cum
772 412 924 447 centro
959 405 1126 447 zodiaci
1163 405 1206 446 in
1240 419 1326 447 una
1362 405 1476 446 linea
1508 412 1626 447 recta
1661 411 1818 448 centro
1839 421 1856 453 5

269 476 507 518 deferentis
531 476 751 517 existente
773 475 815 516 in
841 475 999 516 medio.

328 545 537 586 Movetur
574 546 713 587 eciam
749 543 929 597 planeta
962 544 1004 585 in
1039 543 1222 599 epiciclo
1260 543 1303 584 in
1343 550 1471 598 parte
1512 535 1722 599 superiori
1761 544 1818 585 ab

268 615 497 657 occidente
518 615 575 656 ad
599 615 825 656 orientem.

330 685 435 726 Non
457 690 605 725 autem
620 691 685 725 est
700 683 907 737 epiciclus
931 683 974 724 in
990 683 1074 725 hiis
1097 684 1285 725 situatus
1304 683 1346 724 in
1366 683 1595 737 superficie
1612 681 1816 724 ecentrici

271 768 458 808 semper,
475 754 588 795 sicut
601 754 645 794 in
661 754 787 795 Luna
805 768 813 805 ;
848 753 986 795 immo
1003 753 1242 807 aliquando
1257 759 1324 794 est
1339 754 1381 794 in
1400 753 1505 807 ipsa,
1520 759 1563 794 et
1580 752 1820 806 aliquando

271 824 327 864 ab
360 837 412 864 ea
444 822 650 871 declinat,
680 823 869 864 secando
900 822 1071 875 ipsam3
1104 835 1332 875 nunquam
1363 828 1514 863 tamen
1536 823 1677 875 ipsam
1699 825 1822 862 secat

270 892 705 947 perpendiculariter.
770 891 966 944 Sigmatis
1001 891 1135 945 igitur
1164 891 1338 932 duobus
1364 891 1537 944 punctis
1560 892 1603 931 in
1627 889 1821 945 epiciclo‚

272 975 457 1015 quorum
481 974 592 1001 unus
617 961 814 1001 maxime
844 960 982 1002 distat
1008 975 1033 1001 a
1056 966 1207 1002 centro
1238 960 1406 1010 mundi,
1429 960 1503 1013 qui
1525 966 1709 1001 vocatur
1730 973 1821 1000 aux

273 1029 456 1083 epicicli,
490 1035 533 1070 et
565 1029 675 1070 alius
708 1029 746 1069 ei
778 1030 1020 1084 oppositus,
1050 1035 1184 1082 atque
1215 1029 1312 1075 aliis
1341 1029 1515 1071 duobus
1541 1029 1737 1082 utrisque
1766 1028 1822 1069 ab

272 1099 367 1141 aliis
390 1111 468 1152 per
490 1104 695 1152 quartam
726 1098 1005 1147 distantibus,
1028 1098 1102 1152 qui
1125 1099 1329 1140 dicuntur
1358 1098 1657 1152 longitudines
1679 1098 1823 1147 medie

273 1167 456 1221 epicicli,
470 1168 683 1209 debemus
698 1168 939 1209 secundum
960 1167 1271 1209 Ptholomeum
1286 1167 1532 1222 ymaginati
1556 1168 1677 1221 quod
1701 1165 1822 1209 totus

273 1237 481 1291 epiciclus
514 1243 744 1278 moveatur
773 1250 902 1290 super
930 1237 1195 1278 diametrum
1224 1237 1499 1278 immobilem
1522 1242 1823 1278 transeuntem

274 1320 404 1361 super
426 1307 535 1348 duas
554 1305 856 1360 longitudines
880 1306 1048 1347 medias
1071 1319 1096 1346 a
1113 1307 1414 1360 septentrione
1436 1307 1491 1347 ad
1517 1306 1756 1356 meridiem,
1781 1311 1826 1346 et

275 1391 299 1417 e
323 1375 558 1427 contrario,
581 1389 668 1416 non
698 1375 964 1428 complendo
988 1374 1212 1416 circulum.
1277 1375 1357 1417 Set
1379 1389 1479 1416 cum
1502 1374 1824 1428 aliquantulum

275 1445 557 1486 declinaverit
589 1445 802 1486 medietas
832 1445 1002 1497 epicicli
1038 1446 1081 1485 in
1113 1458 1201 1498 quo
1236 1450 1301 1485 est
1333 1458 1423 1485 aux
1455 1444 1549 1498 ejus
1578 1458 1730 1486 versus
1761 1457 1827 1485 se-

275 1515 573 1569 ptentrionem
616 1529 642 1555 a
683 1514 912 1567 superficie
952 1514 1168 1565 ecentrici,
1210 1520 1254 1555 et
1290 1514 1374 1555 alia
1410 1515 1628 1556 medietas
1676 1527 1828 1555 versus

277 1584 504 1624 meridiem
533 1584 575 1623 in
606 1597 694 1637 qua
726 1590 791 1624 est
823 1598 926 1634 aux,
949 1584 1102 1638 incipit
1124 1585 1291 1625 moveri
1314 1590 1434 1625 totus
1458 1583 1679 1637 epiciclus,
1701 1583 1825 1624 vide-

275 1653 375 1694 licet
409 1653 624 1694 medietas
646 1653 689 1693 in
719 1666 808 1706 qua
837 1660 903 1694 est
930 1654 1042 1706 axis,
1062 1667 1211 1694 versus
1235 1653 1476 1702 meridiem,
1503 1660 1547 1694 et
1570 1653 1655 1693 alia
1675 1665 1827 1693 versus

276 1722 638 1776 septentrionem,
661 1736 894 1776 quousque
915 1722 1119 1777 epiciclus
1141 1723 1270 1763 fuerit
1292 1723 1334 1762 in
1356 1721 1588 1775 superficie
1610 1722 1828 1772 ecentrici,

277 1799 320 1833 et
338 1791 520 1833 ulterius
537 1805 768 1845 quousque
785 1806 875 1832 aux
892 1791 1018 1833 fuerit
1034 1793 1077 1832 in
1091 1798 1215 1833 tanta
1228 1791 1528 1832 declinacione
1540 1791 1596 1833 ab
1611 1792 1829 1834 ecentrico

279 1863 335 1902 ad
370 1862 598 1902 meridiem
632 1863 674 1902 in
706 1868 871 1916 quanta
903 1862 1032 1903 fuerit
1060 1862 1179 1915 prius
1208 1861 1264 1901 ad
1287 1861 1646 1915 septentrionem,
1669 1867 1712 1902 et
1735 1861 1828 1914 ejus

279 1933 487 1985 opposito
519 1946 543 1972 e
574 1931 805 1972 contrario.
882 1931 1056 1973 Deinde
1099 1931 1329 1972 revertitur
1360 1930 1566 1984 epiciclus
1603 1931 1658 1971 ad
1695 1930 1826 1971 situm

280 2001 480 2056 priorem,
506 2000 565 2041 ita
589 2001 707 2053 quod
730 2000 916 2053 quilibet
940 2007 1128 2054 punctus
1151 2000 1321 2055 epicicli
1350 1999 1355 2054 Ι
1382 2006 1529 2053 preter
1550 2000 1657 2040 duas
1690 1999 1826 2053 longi-

279 2071 454 2111 tudines
469 2070 636 2111 medias
660 2075 782 2110 motu
799 2069 966 2124 epicicli
982 2070 1213 2123 descripsit
1228 2069 1479 2124 porcionem
1496 2068 1643 2110 circuli
1661 2074 1828 2110 sectam

1844 769 1884 792 10

1847 1114 1884 1147 ¹5

1848 1459 1889 1481 20

1852 1804 1890 1837 25

281 2153 359 2193 per
391 2140 480 2180 duo
509 2139 655 2180 media
684 2152 709 2179 a
741 2138 969 2192 superficie
1000 2138 1218 2186 ecentrici,
1243 2151 1321 2191 per
1353 2138 1540 2178 eandem
1573 2137 1827 2192 porcionem
1849 2151 1892 2183 30

282 2208 543 2249 revertendo
566 2213 792 2259 movetur;
826 2215 869 2249 et
899 2220 1073 2261 semper
1094 2220 1193 2248 cum
1225 2208 1281 2248 ad
1306 2214 1540 2267 utrumque
1563 2205 1656 2260 ejus
1678 2205 1827 2247 termi-

283 2291 387 2317 num
422 2277 680 2331 pervenerit,
718 2278 875 2318 iterum
909 2277 1032 2330 quasi
1066 2276 1273 2328 reflexive
1306 2283 1508 2317 movetur
1539 2276 1595 2316 ad
1627 2275 1828 2316 alterum.

286 2346 386 2386 Hiis
419 2347 551 2399 igitur
582 2345 722 2386 tribus
754 2346 1099 2400 appropriantur
1127 2352 1214 2387 tres
1243 2345 1393 2385 circuli
1416 2351 1459 2385 et
1483 2351 1570 2386 tres
1593 2350 1750 2396 motus,
1773 2344 1829 2384 ad

282 2414 631 2467 ymaginandum
655 2428 807 2455 causas
829 2416 1141 2468 apparencium
1164 2415 1206 2454 in
1230 2414 1346 2468 ipsis.

346 2504 594 2560 Capitulum
610 2506 811 2558 quintum
839 2506 917 2560 (de
940 2506 1136 2548 metabus
1169 2505 1347 2547 Veneris
1367 2511 1411 2545 et
1429 2504 1692 2558 Mercurii).

346 2587 577 2628 InVenere
594 2592 638 2627 et
656 2585 874 2628 Mercurio
892 2586 1094 2628 similiter
1108 2585 1397 2640 ymaginandi
1412 2591 1511 2626 sunt
1526 2585 1613 2627 duo
1632 2585 1831 2628 ecentrici

285 2654 329 2694 in
366 2655 524 2697 eadem
559 2654 801 2707 superficie,
837 2661 880 2697 et
914 2655 1129 2709 epiciclus,
1212 2654 1262 2695 In
1298 2654 1471 2696 Venere
1504 2655 1662 2695 eodem
1696 2654 1831 2696 modo

330 2743 372 2772 35
397 2732 584 2775 quintum]
604 2738 663 2771 4¹1¹.
687 2733 727 2763 Μ
741 2744 849 2775 mmg.

1853 2526 1892 2558 35
