1945 3079
829 121 912 168 325

161 229 207 271 Si
243 243 345 271 vero
381 229 597 270 obiciatur
633 229 750 282 quod
788 228 1074 269 Ptholorneus
1116 229 1156 269 in
1199 230 1258 280 5ῐο
1294 229 1554 282 Aspcctnum
1600 235 1643 269 et

101 298 304 340 Alhacen
327 299 369 340 in
393 304 438 353 7⁰
459 299 619 339 docent
646 311 731 338 non
763 311 856 338 esse
886 296 1144 338 fraccionem
1176 298 1394 338 radiorum
1419 298 1461 338 in
1485 312 1611 352 spera
1633 296 1641 353 Ι

99 368 210 408 aeris
242 373 308 409 set
331 368 374 408 in
397 367 654 422 corporibus
676 367 847 408 diverse
869 372 1024 407 nature
1055 372 1098 407 et
1130 367 1288 407 fraccio
1321 373 1386 407 est
1419 369 1639 409 radiorum
1661 379 1701 412 95
1720 383 1740 403 a
1758 381 1781 402 2-

98 436 173 488 qui
196 449 282 477 non
304 437 466 478 cadunt
487 436 541 477 ad
560 435 745 490 angulos
763 442 923 476 rectos:
947 442 991 476 et
1014 442 1192 488 propter
1210 435 1292 475 hoc
1310 435 1449 475 celum
1468 443 1510 477 et
1529 436 1639 489 ignis

61 514 79 546 5
98 506 394 547 ostenduntur
416 519 509 546 esse
531 506 703 546 diversa
725 518 919 560 corpora,
936 517 1040 557 ergo
1059 503 1260 544 similiter
1276 517 1349 544 aer
1363 510 1406 544 et
1426 505 1537 557 ignis
1552 519 1638 546 non

98 582 226 616 erunt
254 575 425 616 diversa
454 589 651 629 corpora,
682 587 782 615 curn
812 588 900 615 non
928 574 984 614 sit
1010 573 1170 615 fraccio
1200 574 1421 614 radiorum
1446 575 1488 614 in
1511 588 1639 627 spera

96 644 206 684 aeris
220 644 584 686 descendencium
603 644 658 684 ab
677 643 786 697 igne.
828 643 1077 684 Dicendum
1096 649 1161 684 est
1174 644 1291 696 quod
1308 643 1363 684 ad
1381 642 1639 684 fraccionem

95 714 184 754 duo
229 713 516 767 requiruntur,
552 712 730 762 scilicet,
772 712 1004 753 diversitas
1046 711 1289 766 superficiei
1333 718 1376 752 et
1413 712 1639 753 diversitas

95 782 336 837 dyaphani‚
353 783 465 823 sicut
487 783 606 837 prius
628 788 796 822 tactum
820 787 912 822 est:
937 788 981 822 et
1005 782 1046 822 in
1069 782 1295 836 proposito
1318 788 1384 822 est
1406 780 1637 823 diversitas

37 873 76 896 10
94 851 336 905 superficiei
359 857 425 892 set
447 865 535 892 non
559 857 625 892 est
647 851 876 892 diversitas
899 851 1137 905 dyaphani.
1189 852 1286 891 Hec
1305 864 1487 905 corpora
1505 851 1636 904 igitur

92 921 264 962 diversa
293 927 392 963 sunt
421 922 464 961 in
487 920 632 976 specie
653 927 697 961 et
719 927 875 961 natura
897 919 1100 974 specifica
1122 927 1165 961 et
1193 918 1198 975 Ι
1228 920 1270 960 in
1292 920 1536 961 subtilitate
1563 934 1638 962 sue
1658 929 1697 960 O.
1720 937 1783 970 7a.

93 991 420 1044 perspicuitatis
441 996 507 1031 set
529 990 725 1043 superior
747 1004 847 1043 pars
870 990 981 1030 aeris
1003 1003 1089 1030 non
1114 989 1336 1031 discordat
1359 991 1414 1030 ab
1437 989 1638 1031 inferiore

91 1066 217 1113 parte
243 1060 357 1115 ignis
388 1060 430 1100 in
459 1059 708 1101 subtilitate
740 1059 945 1109 sensibili,
969 1059 1084 1099 unde
1103 1059 1250 1112 quoad
1276 1059 1491 1112 judicium
1519 1059 1636 1100 visus

91 1142 179 1170 non
208 1136 275 1171 est
307 1129 367 1170 ibi
397 1129 569 1177 fraccio,
600 1129 703 1182 quia
735 1142 808 1170 aer
839 1128 1058 1181 gradatim
1087 1128 1281 1169 ascendit
1314 1128 1356 1168 in
1389 1127 1635 1169 subtilitate

33 1219 70 1252 15
92 1198 308 1252 corporali
354 1199 495 1239 donec
537 1204 723 1252 equatur
757 1197 949 1239 inferiori
987 1198 1100 1252 parti
1139 1198 1251 1251 ignis
1288 1199 1331 1239 in
1376 1198 1553 1239 raritate
1590 1203 1634 1240 et

89 1268 403 1323 perspicuitate
425 1273 641 1321 quantum
664 1268 720 1308 ad
739 1267 953 1321 judicium
970 1268 1100 1308 visus.
1155 1267 1229 1317 Et,
1253 1274 1402 1308 tamen
1423 1267 1633 1321 simplici-

89 1344 156 1378 ter
176 1337 412 1392 loquendo,
435 1343 501 1378 est
517 1330 584 1378 'ibi
613 1337 787 1378 densior
816 1336 980 1388 raritas,
1010 1337 1113 1389 quia
1142 1337 1254 1389 ignis
1283 1336 1538 1378 naturaliter
1566 1342 1633 1377 est

90 1406 226 1448 rarior
257 1406 561 1461 perspicuitas,
583 1405 714 1460 igitur
744 1411 811 1446 est
843 1405 1060 1446 accidens.
1136 1405 1196 1446 Et
1222 1404 1333 1446 bene
1355 1410 1539 1458 possunt
1563 1418 1628 1445 res

88 1476 356 1517 diversarum
387 1481 641 1516 naturarum
671 1474 713 1515 in
743 1474 885 1528 specie
914 1473 1146 1515 convenire
1175 1480 1219 1515 et
1247 1474 1396 1527 equari
1418 1474 1460 1514 in
1484 1473 1629 1527 aliqua

10 1555 13 1558 ·
29 1559 70 1582 20
88 1545 346 1599 proprietati
367 1543 641 1586 accidentali.

105 1619 108 1624 '
146 1614 194 1656 Si
211 1628 315 1656 vero
338 1614 507 1656 dicatur
529 1615 583 1654 ad
607 1613 690 1654 hoc
712 1615 831 1667 quod
851 1613 1137 1655 Ptholomeus
1160 1619 1202 1654 et
1218 1612 1421 1654 Alhacen
1444 1613 1487 1653 in
1512 1612 1633 1654 libris

85 1683 358 1738 Aspectumn,
381 1690 427 1724 ut
445 1684 564 1737 prius
580 1689 747 1724 tactum
765 1689 845 1731 est,
863 1681 1016 1723 volunt
1033 1683 1151 1736 quod
1171 1695 1256 1723 non
1272 1682 1325 1723 sit
1344 1682 1501 1723 fraccio
1520 1683 1632 1723 radi-

86 1767 212 1795 orum
230 1754 273 1794 in
297 1753 523 1808 superficie
545 1753 669 1804 aeris,
693 1759 873 1806 propter
895 1752 979 1793 hoc
995 1753 1114 1806 quod
1136 1751 1385 1805 superficies
1407 1752 1518 1805 ignis
1542 1766 1628 1793 non

85 1828 152 1864 est
177 1824 470 1864 determinata
499 1822 729 1875 superficie
757 1822 880 1867 aeris,
903 1835 960 1862 ex
989 1835 1078 1874 quo
1105 1821 1279 1861 videtur
1303 1834 1397 1862 esse
1425 1820 1622 1874 ejusdem

25 1904 63 1937 25
83 1893 445 1944 continuacionis,
460 1899 504 1933 et
518 1893 578 1933 sic
594 1905 697 1932 vere
714 1890 933 1938 continua,
947 1895 991 1930 et
1005 1891 1065 1931 sic
1083 1903 1183 1930 vere
1195 1903 1330 1930 unum
1345 1891 1630 1944 corpus‚quia

82 1961 349 2005 Aristoteles
359 1962 466 2003 dicit
483 1960 807 2014 5⁰Pllisz‘c0rum
825 1966 867 2001 et
883 1965 929 2013 5⁰
945 1959 1262 2013 Methaplcz‘sz'ce
1277 1959 1394 2012 quod
1413 1973 1512 2000 vere
1526 1973 1627 2000 con-

81 2032 253 2073 tinuum
271 2038 336 2073 est
350 2045 451 2072 vere
465 2044 599 2072 unum
616 2036 658 2071 et
677 2044 700 2070 e
718 2030 952 2071 contrario:
984 2029 1218 2070 dicendum
1234 2036 1298 2070 est
1316 2030 1434 2082 quod
1450 2030 1628 2084 superfi-

83 2101 170 2142 cies
186 2107 288 2142 sunt
306 2101 488 2141 diverse.
539 2099 656 2140 Nam
676 2098 941 2140 Aristoteles
957 2098 1019 2148 4ω
1042 2096 1132 2139 Celz'
1144 2105 1186 2138 et
1197 2098 1367 2139 Mundi
1380 2098 1485 2140 dicit
1503 2099 1622 2152 quod

81 2183 155 2210 aer
184 2183 271 2211 non
294 2170 490 2222 sequitur
518 2168 793 2222 superficiem
817 2168 928 2223 ignis
958 2174 1024 2208 set
1047 2181 1172 2220 aque,
1199 2168 1302 2221 quia
1325 2174 1392 2208 est
1413 2169 1557 2222 gravis
1580 2170 1621 2210 in

21 2247 64 2280 30
81 2253 209 2294 spera
236 2239 242 2294 Ι
269 2253 359 2291 sua,
388 2246 431 2280 et
454 2239 554 2280 ideo
576 2244 676 2279 sunt
702 2251 884 2291 corpora
917 2237 1099 2278 diversa.
1165 2236 1211 2278 Si
1244 2251 1347 2290 ergo
1375 2238 1623 2280 considere·
1646 2252 1686 2286 95
1703 2245 1724 2276 b
1744 2255 1770 2276 1.

128 2402 142 2423 1
168 2391 430 2432 Aspeotuum}
479 2391 563 2422 This
591 2400 705 2422 seems
746 2394 780 2421 to
810 2390 852 2420 be
884 2389 942 2421 the
975 2389 1099 2429 Optica
1133 2389 1268 2429 (Tutin,
1302 2389 1415 2429 1885),
1449 2400 1562 2421 sermo
1595 2401 1625 2429 v,

80 2453 113 2483 p.
136 2453 197 2483 142
214 2453 287 2483 sqq.
378 2452 398 2473 2
421 2442 609 2484 Ajhacen]
637 2442 694 2474 vii.
714 2451 753 2481 51
775 2441 822 2482 (p.
841 2442 905 2481 278
922 2442 975 2472 ed.
995 2441 1073 2473 Bas.
1096 2442 1204 2481 1572).
1297 2443 1340 2472 26
1365 2441 1618 2482 Phisicorum]

79 2505 111 2527 v.
128 2496 171 2526 26
183 2505 256 2535 sqq.
346 2494 644 2535 Methaphisiee]
661 2505 694 2525 v.
714 2495 745 2525 8.
883 2494 925 2523 28
950 2495 1030 2524 Geli
1047 2497 1085 2524 et
1104 2493 1260 2534 Mundi]
1281 2493 1324 2524 iv.
1344 2503 1396 2533 39.

122 2655 155 2684 3,
172 2655 192 2683 4
216 2649 251 2675 et
269 2669 275 2677 .
295 2669 301 2675 .
321 2668 328 2675 .
346 2645 422 2687 qui]
440 2651 492 2677 est
509 2645 632 2676 fraecio
649 2646 726 2686 quia
746 2644 776 2676 O
874 2654 937 2684 5—7
965 2655 1048 2685 ergo
1065 2668 1072 2675 .
1093 2669 1100 2676 .
1122 2669 1128 2676 .
1145 2644 1187 2675 ab
1203 2644 1298 2685 igne]
1317 2654 1383 2675 om.
1407 2644 1437 2675 O
1525 2645 1546 2674 8
1570 2655 1622 2675 re-

78 2696 277 2738 quiruntur]
291 2697 474 2737 exiguntur
488 2698 519 2728 0
586 2708 608 2738 9
632 2698 736 2739 sicut]
756 2702 793 2728 ut
808 2697 838 2729 Ο
909 2707 945 2727 11
973 2702 1006 2727 et
1023 2697 1099 2738 alt.]
1118 2701 1152 2727 et
1170 2697 1276 2727 eciam
1298 2696 1328 2726 Ο
1399 2705 1436 2735 15
1463 2696 1621 2737 equatur]

79 2753 223 2788 equetur
241 2748 272 2779 Ο
418 2759 457 2788 17
482 2749 622 2780 densior
638 2749 775 2790 raritas]
794 2749 974 2781 diversitas
991 2749 1139 2780 raritatis
1156 2749 1187 2780 O
1333 2758 1374 2786 24
1399 2748 1466 2788 est]
1486 2753 1538 2779 est
1555 2748 1623 2779 fine

80 2799 140 2830 M'
185 2800 382 2842 superficie]
401 2811 420 2832 a
437 2801 619 2841 superficie
639 2801 670 2832 O
813 2811 853 2840 25
875 2806 911 2831 et
929 2801 977 2831 sic
1000 2801 1070 2842 pn]
1088 2806 1123 2831 et
1143 2801 1173 2832 O
1277 2805 1311 2831 et
1328 2800 1374 2831 sic
1393 2800 1469 2840 alt.]
1488 2800 1574 2831 sicut
1593 2801 1624 2832 O
