1945 3079
824 113 907 157 3¹5

95 218 371 272 suppositum
405 218 622 259 ducantur
655 219 763 259 linee
794 231 871 272 per
897 218 1262 271 equidistanciam
1292 224 1396 259 tunc
1426 232 1525 260 cum
1549 230 1635 260 non

96 287 448 329 terminabuntur
489 287 544 328 ad
587 287 757 328 diversa
794 293 956 342 puncta
990 287 1185 342 corporis
1222 288 1358 341 tercij‚
1392 288 1493 341 quia
1533 297 1635 329 tunc

96 354 210 394 inter
231 353 304 394 illa
326 360 440 395 esset
462 367 563 406 pars
588 354 780 407 corporis
810 354 967 404 media,
990 360 1033 394 et
1061 355 1120 394 ita
1150 354 1377 405 distancia‚
1409 360 1452 394 et
1475 354 1534 395 ita
1559 367 1637 408 per

95 435 367 476 consequens
393 422 504 463 inter
531 436 714 476 corpora
741 423 885 477 posita
914 423 1005 463 sine
1035 422 1194 469 medio,
1217 429 1391 476 oportet
1417 424 1535 476 quod
1565 422 1636 463 ille

59 491 206 542 5linee
238 493 529 533 terminentur
560 493 616 533 ad
650 492 767 533 idem
800 498 1014 545 punctum
1048 492 1089 531 in
1123 505 1304 544 corpore
1336 492 1484 541 tercio,
1516 504 1638 544 ergo,

95 561 293 602 similiter
324 573 381 601 ex
413 560 552 603 altera
583 562 649 602 sui
684 562 967 602 extremitate
1000 574 1135 601 unum
1168 574 1328 613 corpus
1364 568 1502 612 erunt,
1535 575 1634 602 cum

95 643 230 670 unum
253 635 466 682 punctum
488 643 576 671 non
602 630 740 684 possit
763 644 856 670 esse
879 630 921 669 in
944 630 1125 670 diversis
1148 629 1414 683 corporibus.
1471 630 1634 670 Dicen-

96 700 201 741 dum
234 699 352 752 quod
377 712 464 740 non
496 700 600 753 quia
631 713 718 741 non
748 700 925 749 distant,
948 699 1047 740 ideo
1074 712 1152 739 nec
1177 705 1278 739 sunt
1305 699 1635 752 equidistantes‚

97 774 162 809 set
184 767 313 809 simul
337 774 437 809 sunt
459 769 552 809 sine
581 769 740 817 medio,
764 775 807 810 et
832 769 933 809 ideo
963 775 1146 822 possunt
1174 768 1398 809 terminari
1425 768 1479 808 ad
1503 781 1636 809 unum

39 859 78 881 ιο
96 843 309 896 punctum
342 837 384 877 in
420 851 509 879 uno
546 851 742 891 corpore,
779 844 823 878 et
855 838 910 879 ad
945 839 1034 879 duo
1070 838 1112 878 in
1149 837 1329 878 diversis
1362 836 1517 891 positis
1548 837 1640 877 sine

97 906 255 948 medio.
320 907 437 947 Nam
461 908 549 949 duo
581 913 747 961 puncta
776 907 871 948 sine
894 907 1041 948 medio
1070 906 1236 948 habent
1265 906 1571 947 indivisionem
1595 911 1640 946 et

96 976 393 1029 privacionem
436 976 664 1017 divisionis
711 977 823 1017 sicut
865 990 976 1017 unus
1018 982 1205 1030 punctus
1242 989 1319 1029 per
1359 989 1418 1025 se,
1456 983 1499 1016 et
1540 975 1640 1016 ideo

95 1051 282 1098 possunt
304 1045 376 1086 uni
400 1051 566 1100 puncto
590 1045 868 1099 respondere.

156 1114 203 1156 Si
226 1115 396 1156 dicatur
428 1115 548 1168 quod
586 1115 666 1157 hec
698 1111 861 1167 p'uncta
895 1121 939 1156 et
971 1114 1052 1155 hee
1081 1114 1196 1155 linee
1228 1114 1356 1154 simul
1390 1120 1504 1164 sunt,
1535 1127 1641 1167 ergo

39 1203 75 1235 ¹5
96 1190 199 1225 sunt
239 1183 282 1224 in
314 1185 469 1225 eodem
503 1197 699 1238 corpore,
730 1184 834 1237 quia
867 1182 1132 1225 Aristoteles
1172 1183 1279 1225 dicit
1311 1184 1466 1236 quinto
1494 1181 1643 1224 Plzz'sz'-

94 1267 242 1294 cornm
275 1253 395 1307 quod
429 1253 559 1294 simul
594 1260 694 1294 sunt
732 1267 784 1294 ea
817 1266 902 1307 que
935 1259 1038 1294 sunt
1074 1253 1117 1293 in
1149 1253 1306 1294 eodem
1339 1253 1436 1294 loco
1471 1253 1640 1306 prim03

96 1322 330 1363 dicendum
374 1328 440 1363 est
482 1323 600 1374 quod
646 1321 775 1363 simul
817 1323 1058 1363 secundum
1096 1321 1239 1362 locum
1277 1327 1342 1362 est
1378 1322 1639 1374 equivocum

95 1392 152 1433 ad
184 1391 442 1433 divisionem
476 1391 674 1444 ejusdem
708 1391 790 1432 loci
827 1392 1067 1432 secundum
1102 1403 1360 1440 numerum;
1405 1397 1453 1431 ut
1494 1390 1641 1431 anima

96 1466 141 1502 et
174 1474 344 1514 eorpus,
386 1459 635 1514 subjectum
677 1465 721 1500 et
763 1460 979 1508 accidens,
1015 1465 1059 1500 et
1100 1466 1247 1501 totum
1285 1466 1329 1501 et
1360 1465 1505 1514 partes
1542 1466 1643 1500 sunt

0 1552 2 1555 >
37 1541 77 1564 ²0
96 1529 225 1571 simul
263 1530 306 1570 in
344 1530 453 1579 loco,
489 1535 533 1570 et
564 1530 626 1571 sic
661 1528 928 1570 Aristoteles
964 1529 1007 1569 in
1039 1527 1112 1569 illa
1146 1528 1409 1569 diffinicione
1440 1528 1645 1582 loquitur,

93 1605 141 1641 et
176 1599 237 1640 sic
273 1599 432 1641 accidit
473 1600 529 1641 de
565 1599 775 1640 continuo
816 1605 859 1640 et
902 1598 1099 1651 partibus
1146 1599 1251 1652 ejus.
1316 1598 1459 1639 Aliter
1494 1604 1642 1639 tamen

96 1668 224 1710 simul
260 1669 501 1710 secundum
533 1668 680 1710 locum
707 1666 712 1723 Ι
742 1668 901 1709 dicitur
934 1681 1012 1721 per
1043 1668 1423 1709 continuacionem
1453 1668 1640 1708 duorum
1661 1689 1700 1721 92
1721 1680 1741 1711 b
1761 1689 1788 1711 2.

95 1736 292 1780 locorum
326 1739 418 1780 sine
450 1739 607 1786 medio,
639 1743 683 1779 et
716 1738 775 1779 sic
807 1737 1030 1791 loquimur
1058 1737 1138 1787 hic,
1172 1744 1216 1779 et
1248 1737 1309 1779 sic
1341 1736 1642 1778 universaliter

96 1811 162 1846 est
183 1805 238 1846 de
259 1805 475 1859 contiguis
492 1818 679 1859 quorum
707 1804 862 1846 ultima
883 1811 984 1845 sunt
1006 1803 1148 1845 simul.

37 1892 74 1924 25
156 1874 204 1916 Si
237 1875 408 1916 dicatur
439 1875 559 1928 quod
592 1889 617 1915 a
651 1881 814 1928 puncto
847 1873 967 1915 tercii
1001 1873 1196 1927 corporis
1229 1879 1376 1926 potest
1407 1886 1493 1914 una
1526 1872 1641 1913 linea

96 1945 360 1986 descendere
387 1942 392 1999 Ι
420 1944 476 1984 ad
512 1950 676 1998 puncta
716 1943 806 1984 duo
845 1943 888 1983 in
922 1943 1179 1997 corporibus
1216 1942 1359 1995 planis
1391 1942 1642 1997 suppositis,
1724 1956 1792 1993 3b-

96 2028 122 2055 a
158 2014 319 2067 quibus
357 2014 531 2068 punctis
574 2018 737 2053 exeant
779 2012 865 2053 due
902 2011 1012 2053 linee
1053 2011 1095 2052 in
1129 2012 1324 2053 diversas
1362 2018 1508 2066 partes
1541 2025 1641 2053 cum

98 2083 258 2137 quibus
288 2083 403 2124 linea
432 2082 564 2123 tercia
592 2095 721 2136 super
750 2094 900 2122 earum
930 2087 1093 2134 puncta
1125 2081 1290 2122 cadens
1319 2080 1423 2123 facit
1459 2081 1644 2135 angulos

98 2158 254 2200 rectos,
271 2166 407 2206 quare
430 2165 509 2206 per
533 2157 634 2201 14ἶῖιιῃ
655 2150 783 2204 primi
801 2150 1135 2192 Elementorum
1160 2150 1359 2192 Euclidis
1381 2157 1508 2192 erunt
1530 2150 1644 2191 linea

36 2234 78 2266 30
97 2235 213 2272 una;
245 2227 289 2263 et
324 2222 358 2262 si
395 2221 492 2272 hoc,
527 2226 653 2261 erunt
688 2220 729 2261 in
767 2219 998 2273 superficie
1034 2232 1120 2260 una
1155 2226 1199 2261 et
1231 2220 1274 2260 in
1310 2233 1493 2273 corpore
1524 2233 1641 2261 uno:

98 2292 240 2346 primo
263 2291 482 2332 videretur
506 2290 585 2332 hec
617 2289 817 2343 objeccio
848 2289 1060 2342 impediri,
1083 2288 1186 2342 quia
1215 2288 1288 2330 illa
1316 2288 1428 2329 linea
1450 2304 1476 2330 a
1505 2290 1642 2330 tercio

97 2374 280 2414 corpore
313 2360 621 2414 superveniens
659 2372 745 2400 non
782 2359 959 2399 caderet
1001 2358 1082 2399 nisi
1124 2371 1255 2411 super
1293 2371 1427 2399 unum
1466 2358 1639 2400 illorum

128 2509 183 2539 =15
207 2499 465 2540 Phjsieorum]
483 2510 513 2531 v.
532 2509 585 2530 22.

144 2647 157 2668 1
184 2636 276 2678 cum]
296 2642 407 2667 tamen
429 2634 460 2666 Ο
565 2648 584 2667 2
608 2641 688 2668 tunc
705 2647 772 2668 om.
795 2637 825 2667 O
927 2647 946 2675 3
972 2636 1018 2666 ita
1035 2635 1110 2677 alt.]
1128 2636 1176 2666 sic
1196 2635 1226 2665 O
1342 2637 1363 2666 6
1388 2635 1508 2676 unum]
1525 2635 1639 2674 Quare

98 2700 199 2721 unum
219 2689 250 2721 O
349 2691 370 2720 8
395 2699 463 2720 non
475 2694 527 2730 pr.
548 2699 613 2720 om.
633 2689 674 2719 M
761 2699 800 2719 21
821 2694 935 2720 tamen
952 2699 1018 2720 om.
1042 2687 1073 2719 O
1161 2698 1202 2718 22
1226 2688 1539 2729 continuacionem]
1559 2698 1641 2718 con-

97 2741 354 2774 comitacionem
371 2740 402 2771 Ο
484 2751 526 2780 25
547 2740 601 2782 Si]
621 2741 657 2772 Si
674 2752 756 2772 vero
776 2741 807 2772 Ο
891 2741 932 2772 28
957 2740 1090 2781 earum]
1109 2750 1227 2772 eorum
1241 2740 1283 2770 M
1363 2750 1405 2780 29
1432 2740 1488 2781 14]
1509 2740 1548 2770 18
1560 2750 1640 2772 corr.

100 2801 139 2833 14
159 2794 191 2825 Ο
323 2793 439 2834 erunt]
458 2803 541 2833 ergo
559 2798 638 2824 sunt
659 2793 690 2824 O
822 2803 859 2833 31
887 2793 966 2833 quia
984 2793 1055 2834 illa]
1072 2793 1163 2832 quod
1182 2803 1246 2823 una
1268 2790 1297 2821 O
