1945 3079
809 133 897 177 435

83 234 164 275 nisi
206 247 423 289 ponamus
464 236 616 276 orbem
655 237 798 290 ipsum
842 243 986 279 totum
1024 246 1068 280 et
1103 240 1240 282 eciam
1273 240 1627 294 ymaginabimur

83 309 282 344 centrum
300 303 393 356 ejus
413 305 592 355 moveri,
609 305 668 346 ita
686 307 805 358 quod
829 307 1060 360 longitudo
1078 309 1170 362 ejus
1189 309 1358 363 longior
1376 309 1430 350 sit
1455 322 1627 362 semper

83 371 126 412 in
168 371 324 412 eadem
359 372 572 414 distancia
606 374 662 414 ab
699 375 810 427 ipso,
843 382 887 417 et
921 377 1058 417 eciam
1093 378 1271 431 propior
1304 378 1548 432 longitudo,
1582 384 1626 418 et

83 441 331 494 quicunque
362 447 553 494 punctus
585 442 626 482 in
659 443 753 496 ipso
790 444 1013 498 signatus;
1049 452 1091 486 et
1121 446 1192 496 ita,
1226 460 1324 487 cum
1360 460 1447 488 non
1475 460 1627 488 omnes

45 523 63 556 5
84 515 230 563 partes
252 509 515 551 continentis
537 511 597 551 sic
619 512 834 565 equaliter
855 513 1034 564 distent,
1056 527 1230 556 necesse
1254 522 1319 556 est
1345 516 1468 568 sequi
1492 528 1626 556 unum

83 577 301 620 dictorum
340 579 669 631 inpossibilium.
735 580 783 622 Si
825 589 972 623 autern
1013 590 1239 624 moveatur
1276 585 1388 626 circa
1429 590 1627 625 centrum

85 647 324 700 proprium,
356 661 454 688 cum
490 648 605 688 idem
641 649 769 691 fuerit
807 656 1003 692 centrum
1036 653 1154 694 orbis
1189 654 1468 703 continentis,
1506 660 1628 706 patet

85 716 204 768 quod
236 716 278 756 in
310 730 390 758 suo
423 723 546 758 motu
578 718 743 758 nullum
776 720 934 761 accidit
966 721 1184 762 dictorum
1211 723 1628 772 inconveniencium,

85 787 187 839 quia
215 793 308 828 tam
343 787 576 840 longitudo
607 788 779 841 longior
811 803 943 842 quam
977 792 1273 845 propinquior,
1297 799 1339 833 et
1368 806 1522 834 omnes
1548 792 1630 833 alie

27 871 67 894 ιο
85 862 231 910 partes
263 856 570 898 inte1·mediate
602 858 719 898 orbis
741 859 1006 899 continentis
1031 867 1133 901 sunt
1162 861 1206 901 in
1237 862 1392 902 eadem
1416 862 1630 903 distancia

86 933 298 968 a-centro
336 927 526 980 proprio,
553 933 596 967 et
628 927 828 969 similiter
858 934 923 968 est
955 929 998 968 in
1032 930 1235 971 omnibus
1267 932 1464 984 partibus
1496 932 1630 972 conti-

87 997 242 1037 nentis.
317 997 377 1037 Et
401 997 530 1037 istum
555 1002 726 1037 motum
749 998 868 1038 orbis
897 1000 1098 1040 ecentrici
1126 1007 1294 1053 ponunt
1318 1000 1629 1048 mathematici,

87 1066 297 1119 quoniam
332 1065 392 1106 sic
424 1065 582 1107 accidit
617 1079 833 1119 apparens
868 1067 1189 1109 inuniformitas
1222 1069 1265 1109 in
1298 1076 1422 1110 motu
1455 1070 1632 1123 planete

86 1135 186 1177 talis
209 1135 337 1186 orbis,
355 1148 454 1176 cum
477 1142 626 1175 tamen
649 1136 690 1175 in
710 1136 806 1190 ipso
821 1136 1076 1190 simpliciter
1095 1138 1367 1180 uniformitas
1395 1140 1400 1194 l
1428 1140 1568 1191 fuerit,
1583 1146 1631 1181 ut

30 1219 68 1252 15
89 1204 377 1258 explanatum
400 1210 466 1245 est
488 1205 619 1257 prius.

147 1274 279 1328 Quod
305 1280 453 1314 autem
481 1273 562 1315 hec
587 1276 813 1328 responsio
844 1288 930 1316 non
956 1276 1216 1318 sufficienter
1244 1278 1405 1319 doceat
1432 1280 1634 1320 inconve-

89 1344 261 1384 niencia
301 1343 497 1397 predicta
537 1343 677 1392 vitari,
721 1345 952 1398 specialius
989 1359 1038 1386 ac
1062 1344 1280 1387 difficilius
1312 1349 1538 1402 arguendo
1575 1350 1634 1390 sic

88 1413 335 1454 declaratur
355 1429 363 1453 ε

150 1482 263 1524 Cum
290 1483 434 1524 omnis
467 1482 582 1523 orbis
617 1482 788 1524 celestis
824 1481 988 1537 duplici
1023 1486 1252 1539 superficie
1285 1488 1451 1542 sperica
1485 1488 1634 1528 termi-

31 1571 72 1594 20
90 1558 228 1600 netur,
261 1565 454 1592 concava
490 1557 535 1592 et
568 1565 778 1602 convexa,
810 1552 846 1593 si
883 1553 1010 1595 fuerit
1047 1555 1298 1606 ecentricus,
1331 1564 1408 1598 aut
1439 1557 1522 1597 hoc
1555 1558 1635 1598 erit

91 1624 306 1673 quantum
348 1619 404 1659 ad
438 1618 714 1671 superficiem
756 1633 996 1661 concavam
1040 1627 1225 1672 tantum,
1267 1630 1342 1664 aut
1390 1637 1634 1664 convexam

75 1677 274 1739 ¹tantum,
303 1693 380 1728 aut
402 1693 581 1742 propter
610 1688 835 1741 utriusque
865 1690 1223 1733 ecentricitatem.
1287 1692 1347 1734 Et
1367 1706 1467 1734 cum
1498 1694 1638 1734 tocius

91 1759 286 1812 corporis
317 1757 491 1800 celestis
522 1758 683 1799 fuerint
719 1758 971 1812 superficies
1003 1773 1194 1802 concava
1227 1768 1270 1803 et
1302 1775 1504 1803 convexa
1533 1776 1636 1804 con-

91 1828 291 1878 centrice‚
312 1840 499 1882 quarum
522 1834 721 1869 centrum
745 1833 810 1868 est
828 1835 1025 1870 centrum
1051 1830 1215 1880 mundi,
1233 1844 1410 1873 necesse
1433 1838 1498 1872 est
1519 1832 1639 1885 quod

35 1915 73 1947 25
93 1899 127 1940 si
156 1898 286 1939 fuerit
318 1898 435 1938 orbis
467 1897 636 1938 habens
670 1897 894 1950 utriusque
926 1898 1199 1951 superficiem
1233 1901 1539 1950 encentricam‚
1562 1914 1640 1942 nec

93 1969 149 2009 sit
181 1980 422 2022 supremus,
453 1971 501 2007 ut
533 1967 650 2007 orbis
679 1966 1065 2020 supra-stellatum,
1099 1979 1178 2009 nec
1213 1968 1400 2020 infimus,
1435 1976 1483 2010 ut
1521 1970 1639 2011 orbis

94 2035 234 2085 Lune,
267 2040 335 2075 set
378 2032 663 2074 intermedius
699 2038 883 2074 tantum.
945 2033 992 2075 Si
1041 2041 1189 2075 autem
1231 2035 1360 2077 fuerit
1401 2037 1640 2077 ecentricus

92 2110 308 2158 quantum
340 2104 396 2145 ad
431 2102 749 2145 concavitatem
782 2108 967 2155 tantum,
1005 2116 1091 2144 non
1124 2105 1287 2157 poterit
1323 2119 1419 2147 esse
1452 2105 1640 2155 infimus,

93 2181 160 2216 set
201 2173 409 2228 quoniam
450 2186 627 2214 causam
670 2172 793 2213 alius.
857 2172 905 2214 Si
954 2179 1170 2226 quantum
1212 2175 1268 2215 ad
1310 2176 1641 2216 convexitatem

35 2263 76 2294 30
98 2251 284 2294 tantum,
315 2256 402 2284 non
432 2243 592 2296 poterit
615 2256 709 2282 esse
736 2255 1012 2295 suppremus,
1034 2249 1099 2283 set
1125 2242 1193 2284 vel
1221 2243 1398 2284 infimus
1419 2244 1487 2285 vel
1511 2245 1640 2285 inter-

96 2314 280 2354 medius.
344 2312 478 2366 Quod
512 2311 643 2365 igitur
669 2324 757 2351 non
790 2311 845 2352 sit
879 2311 996 2352 orbis
1027 2311 1149 2364 cujus
1181 2314 1440 2354 convexitas
1466 2320 1640 2355 tantum

95 2384 151 2425 sit
183 2383 413 2432 ecentrica,
450 2381 510 2422 sic
547 2381 743 2421 videtur:
777 2380 881 2433 quia
917 2381 952 2421 si
986 2386 1101 2421 esset
1133 2381 1239 2432 tale,
1272 2387 1319 2422 ut
1350 2382 1470 2423 verbi
1501 2383 1641 2436 gratia

96 2454 214 2495 orbis
248 2452 385 2502 Lune,
419 2464 506 2493 non
539 2450 676 2503 possit
710 2449 874 2489 moveri
906 2449 1012 2503 quin
1043 2450 1209 2503 aliquid
1242 2451 1461 2493 dictorum
1494 2452 1640 2493 incon-

96 2522 382 2572 veniendum,
420 2520 488 2562 vel
525 2519 656 2569 aliud,
699 2524 981 2572 sequeretur3
1025 2521 1234 2573 quoniam
1276 2527 1352 2562 aut
1395 2527 1643 2562 moveretur

37 2608 76 2640 35
95 2579 210 2635 circa
231 2598 430 2633 centrum
452 2589 758 2638 convexitatis,
782 2594 858 2629 aut
876 2588 989 2629 circa
1006 2594 1207 2629 centrum
1231 2591 1395 2631 mundi.
1462 2589 1508 2631 Si
1531 2592 1643 2633 circa

97 2669 298 2704 centrum
323 2660 487 2710 mundi,
511 2658 709 2713 procedit
732 2657 849 2698 racio
873 2658 992 2710 prius
1014 2658 1157 2711 posita
1178 2672 1187 2709 ;
1220 2665 1263 2700 et
1281 2659 1364 2702 hoc
1385 2674 1641 2703 concessum

141 2831 182 2851 22
207 2818 401 2860 utriusque]
417 2818 595 2858 virtusque
612 2817 650 2847 M

134 2862 137 2865 ’
810 2880 840 2913 G
862 2885 890 2925 g
915 2883 938 2913 2

1653 1150 1714 1186 1²7
1734 1155 1752 1176 a
1770 1150 1803 1173 2.
