1945 3079
811 124 892 162 401

23 272 26 275 ,
78 227 119 266 in
153 226 313 280 Logz‘ca
344 226 555 279 Johannis
585 227 866 276 Damasceni‚
895 227 969 280 qui
998 227 1198 280 quamvis
1231 227 1357 268 suerit
1384 226 1615 279 theologus

78 300 229 336 tamen
254 296 374 350 prius
404 295 485 336 fuit
512 295 826 349 philosophus;
859 309 961 336 nam
993 295 1126 337 libros
1157 295 1298 349 logice
1326 302 1368 337 et
1400 295 1618 336 medicine

78 363 240 404 multos
262 369 305 404 et
327 363 511 403 aliarum
534 363 793 404 facultatum
816 364 1062 417 composuit
1085 365 1159 417 qui
1179 365 1221 405 in
1245 378 1324 405 usu
1356 364 1617 405 Latinorum

77 437 193 472 sunt.
276 431 450 473 Deinde
490 445 577 472 non
614 439 762 485 posset
796 433 882 473 dici
919 433 1039 486 quod
1089 439 1283 474 motores
1328 432 1407 474 celi
1454 432 1617 474 stellati

41 522 59 555 5
78 499 240 553 proprii
263 506 407 541 essent
423 500 570 554 plures
591 501 747 554 specie,
762 514 840 542 nec
863 502 1102 542 secundum
1125 515 1355 542 numerum
1378 501 1616 549 stellarum,

79 574 128 609 ut
149 568 267 621 prius
288 575 514 610 ostensum
539 575 604 610 est
627 570 671 609 in
694 570 939 619 universali,
965 571 1055 611 sive
1084 571 1170 611 sint
1201 576 1395 611 motores
1418 570 1617 623 ejusdem

78 637 236 690 speciei
268 637 359 679 sive
390 638 584 687 diverse;
617 644 661 679 et
683 644 833 679 tamen
856 638 980 680 stelle
1002 639 1116 679 illius
1142 639 1221 680 celi
1252 639 1417 679 habent
1438 638 1619 678 diversi-

78 712 216 747 tatem
245 705 493 759 specificam
524 707 567 747 in
595 707 834 749 effectibus.
917 708 976 749 Et
1011 708 1168 748 iterum
1198 708 1254 748 de
1289 707 1622 760 quibuscunque

79 774 216 816 stellis
257 775 349 816 sive
385 776 578 817 erraticis
622 777 713 817 sive
760 777 861 817 fixis
902 776 1143 830 loquamur,
1187 788 1362 817 necesse
1399 781 1465 816 est
1501 775 1619 827 quod

23 863 62 887 10
80 843 307 897 proporcio
342 844 398 885 sit
431 858 581 885 earum
614 845 669 886 ad
701 859 802 887 suos
835 851 1028 887 motores
1061 852 1110 886 ut
1139 844 1332 886 habeant
1354 844 1622 898 aptitudines

81 911 302 953 naturales
325 913 381 953 ad
403 926 556 954 eorum
580 913 833 955 influencias
856 914 1138 968 recipiendas.
1202 913 1315 954 Cum
1338 926 1443 966 ergo
1466 920 1623 953 natura

84 980 288 1034 specifica
305 981 362 1022 sit
384 995 470 1022 una
493 982 535 1022 in
559 982 765 1023 omnibus
797 983 852 1023 ad
875 983 1084 1023 virtutem
1108 983 1292 1023 motoris
1315 981 1624 1035 recipiendam,

84 1063 190 1103 ergo
212 1050 455 1091 secundum
478 1051 674 1092 debitam
705 1052 1042 1105 proporcionem
1073 1051 1304 1092 mobilium
1326 1051 1383 1092 ad
1406 1056 1622 1091 motorem

83 1125 259 1172 oportet
281 1121 400 1173 quod
424 1127 616 1161 motores
633 1121 720 1162 sint
742 1121 940 1174 ejusdem
963 1121 1107 1174 specie
1128 1121 1196 1162 vel
1225 1127 1361 1175 agant
1383 1120 1623 1161 secundum

26 1207 63 1241 15
84 1187 270 1227 eandem
294 1191 497 1227 naturam
522 1185 769 1239 specificam
793 1200 1074 1228 communem
1097 1187 1318 1237 omnibus,
1350 1192 1394 1227 et
1423 1186 1522 1227 ideo
1548 1199 1625 1239 per

82 1254 195 1296 hanc
217 1255 335 1295 viam
358 1268 444 1296 non
467 1261 613 1308 potest
636 1255 791 1296 salvari
817 1256 1044 1297 diversitas
1067 1256 1376 1309 operacionum
1399 1254 1624 1296 stellarum

85 1324 326 1365 secundum
349 1323 553 1376 speciem.
618 1324 900 1377 Quapropter
928 1338 1028 1365 cum
1060 1324 1254 1365 habeant
1281 1323 1457 1377 plenam
1488 1323 1625 1364 diver-

83 1393 259 1433 sitatem
282 1391 528 1444 specificam
551 1392 593 1432 in
616 1393 836 1447 operibus,
857 1400 982 1435 erunt
1005 1407 1159 1435 omnes
1177 1393 1446 1434 diversarum
1463 1392 1625 1446 specie-

85 1474 182 1502 rum
204 1461 247 1502 in
269 1461 435 1502 naturis
457 1461 558 1502 suis.

27 1617 68 1640 20
149 1596 395 1651 Capitulum
416 1598 645 1652 septimum
663 1598 794 1653 <quod
809 1599 936 1641 stella
955 1599 1110 1652 differt
1129 1599 1182 1640 ab
1201 1598 1326 1653 orbe).

150 1689 479 1744 Consequenter
530 1691 832 1732 consideratur
883 1691 1002 1744 quod
1055 1690 1181 1732 stella
1231 1689 1379 1731 differt
1429 1691 1486 1732 ab
1526 1691 1632 1731 orbe

90 1759 331 1802 secundum
353 1761 562 1813 speciem.
625 1760 744 1801 Nam
767 1760 802 1801 si
833 1761 959 1802 stelle
981 1759 1189 1801 differunt
1211 1759 1456 1801 adinvicem
1478 1773 1631 1801 secun-

93 1831 200 1872 dum
241 1829 433 1884 speciem
478 1836 523 1871 et
563 1829 689 1870 stelle
725 1830 865 1885 magis
911 1830 1176 1871 conveniunt
1214 1829 1461 1871 adinvicem
1497 1842 1632 1882 quam

91 1912 191 1941 cum
220 1899 421 1953 partibus
453 1899 583 1951 orbis,
605 1906 653 1940 ut
687 1905 810 1952 patet
842 1899 886 1939 in
918 1898 1058 1953 figura
1084 1905 1128 1940 et
1151 1898 1195 1938 in
1227 1897 1322 1939 luce
1346 1905 1390 1939 et
1412 1903 1634 1952 potestate

32 1983 70 2016 25
89 1968 232 2009 activa
255 1968 297 2008 in
320 1967 399 2008 hec
426 1967 643 2018 inferiora,
674 1973 850 2021 oportet
874 1968 994 2021 quod
1020 1967 1147 2008 stella
1174 1967 1347 2008 differat
1373 1967 1429 2006 ab
1454 1967 1560 2007 orbe
1589 1966 1633 2006 in

89 2037 248 2091 specie.
311 2037 437 2087 Item,
452 2037 487 2077 si
508 2037 626 2078 orbis
647 2035 847 2077 stellatus
869 2042 935 2077 est
957 2036 1073 2077 idem
1097 2036 1140 2076 in
1161 2035 1304 2090 specie
1320 2049 1418 2077 cum
1437 2035 1634 2088 qualibet

91 2106 232 2158 stella,
253 2119 340 2160 qua
354 2106 526 2147 racione
543 2106 659 2147 enim
674 2119 772 2147 cum
789 2119 874 2146 una
889 2111 933 2147 et
949 2105 1047 2156 alia,
1063 2119 1166 2159 ergo
1181 2110 1355 2158 oportet
1369 2104 1488 2157 quod
1509 2103 1635 2146 stelle

91 2176 178 2218 sint
208 2175 396 2217 heedem
426 2175 470 2215 in
501 2175 657 2228 specie,
691 2175 794 2228 quia
825 2188 912 2228 que
943 2175 1017 2215 uni
1049 2180 1093 2215 et
1123 2173 1266 2214 eidem
1301 2179 1403 2214 sunt
1431 2172 1436 2227 Ι
1463 2173 1634 2226 eadem,

93 2245 176 2286 sibi
208 2244 392 2286 invicem
430 2250 532 2285 sunt
567 2244 735 2291 eadem,
765 2250 831 2284 set
863 2243 947 2284 hoc
979 2250 1044 2284 est
1071 2242 1241 2284 falsum.
1305 2242 1418 2283 Item
1446 2243 1481 2282 si
1507 2241 1635 2282 stella

34 2328 75 2360 30
94 2319 210 2356 esset
233 2313 430 2367 ejusdem
452 2313 611 2366 speciei
628 2326 728 2354 cum
751 2312 847 2353 aliis
869 2312 1068 2365 partibus
1089 2312 1220 2360 orbis,
1242 2324 1347 2364 ergo
1370 2317 1498 2352 natus
1520 2316 1636 2351 esset

101 2382 219 2424 orbis
251 2382 456 2435 componi
489 2395 546 2421 ex
572 2380 699 2422 stella
728 2388 940 2435 tanquam
964 2395 1022 2422 ex
1044 2387 1182 2434 parte,
1205 2386 1249 2421 et
1270 2393 1359 2433 qua
1380 2379 1553 2420 racione
1578 2393 1637 2420 ex

97 2464 184 2492 una
205 2458 249 2492 et
271 2464 329 2491 ex
351 2451 548 2504 pluribus
580 2456 624 2491 et
656 2450 851 2505 singulis,
873 2464 978 2504 ergo
1000 2456 1130 2491 natus
1151 2454 1266 2491 esset
1288 2447 1405 2489 orbis
1427 2448 1636 2502 componi

97 2533 156 2572 ex
186 2519 323 2562 stellis
354 2525 403 2561 ut
432 2525 576 2561 totum
610 2525 724 2560 esset
750 2518 987 2561 stellatum.
1051 2518 1129 2560 Set
1156 2518 1240 2559 hoc
1270 2523 1336 2558 est
1365 2516 1635 2572 inpossibile.

97 2589 216 2631 Nam
238 2603 295 2630 ex
322 2588 472 2630 multis
493 2589 631 2642 speris
648 2587 778 2630 nichil
800 2587 1007 2641 componi
1032 2592 1192 2642 potest,
1210 2586 1314 2641 quia
1334 2600 1422 2628 non
1448 2592 1638 2640 tangunt

41 2671 81 2705 35
98 2672 145 2700 se
172 2658 252 2699 nisi
283 2657 327 2698 in
360 2664 536 2711 puncto.
604 2657 717 2699 Item
752 2656 877 2699 stelle
907 2656 1071 2699 faciunt
1101 2656 1435 2711 generacionem
1468 2661 1512 2696 et
1544 2668 1638 2696 cor-

146 2804 160 2824 1
186 2795 383 2824 Johannes
401 2791 674 2833 Damascenus]
691 2802 740 2823 see
756 2791 995 2823 Institutiones
1011 2790 1140 2831 logices
1158 2790 1179 2824 s.
1199 2801 1218 2821 2
1234 2800 1337 2822 verso
1354 2789 1511 2832 (Venice,
1528 2788 1638 2832 1514).

166 2872 192 2889 R.
203 2871 227 2889 Β.
244 2871 271 2889 ιν
831 2856 859 2887 Ε
882 2860 905 2888 e

1655 2174 1714 2207 116
1733 2175 1754 2207 b
1774 2184 1802 2208 1.
