1945 3079
96 697 192 730 1262
213 706 240 729 2.

119 2636 263 2668 126b1.

983 25 1068 68 432

254 134 380 174 dictis
408 132 596 185 qualiter
627 129 914 171 Ptholomeus
949 142 1116 184 ponens
1147 130 1427 179 contrarium,
1454 129 1594 171 solum
1625 140 1800 169 sensum

254 202 481 250 imitando,
507 200 821 254 decipiebatur.

315 271 375 312 Et
406 270 526 324 quod
550 268 818 311 Aristoteles
849 269 956 311 dicit
988 270 1043 311 de
1074 269 1330 311 diversitate
1368 269 1562 322 parcium
1601 269 1657 310 ad
1695 281 1806 321 quas

255 348 321 382 est
354 347 499 381 motus
531 339 661 394 primi
695 338 871 380 mobilis
903 344 946 380 et
983 338 1274 392 planetarum,
1309 344 1385 379 aut
1418 345 1485 379 est
1522 337 1696 387 falsum,
1728 343 1806 378 aut

256 409 592 464 intelligendum
616 413 683 448 est
712 408 954 448 seeundum
981 407 1307 461 apparenciam,
1330 407 1398 448 vel
1420 407 1661 448 secundum
1684 419 1806 448 com·
1830 424 1848 457 5

257 492 436 520 munem
469 478 724 532 opinionem
756 484 1113 518 astronomorum
1146 477 1213 518 sui
1245 477 1459 531 temporis
1490 475 1573 529 qui
1606 475 1808 528 similiter

258 548 523 590 Ptholomeo
556 545 899 588 substancialem
930 547 1242 600 apparenciam
1280 545 1807 589 solamconsiderabant.

318 617 452 672 Quod
485 623 590 659 ante
633 615 919 657 Ptolomeum
963 616 1174 670 arguitur,
1206 616 1407 669 quamvis
1448 614 1681 656 insolubile
1716 614 1810 668 qui-

259 689 449 730 busdam
467 687 683 736 videatur,
701 692 851 727 tamen
869 686 983 727 bene
998 685 1275 739 ymaginanti
1292 684 1431 726 facilis
1450 690 1516 726 est
1535 682 1539 740 1
1559 683 1807 726 dissolucio.

262 757 379 798 Nam
415 756 523 798 ratio
556 755 868 797 incurtacionis
901 754 1100 796 dissolvit
1129 768 1242 807 eam,
1267 762 1312 796 et
1344 758 1492 797 motus
1524 753 1809 808 composicio.
1834 768 1873 791 ιο

262 827 454 880 Oportet
495 825 610 866 enim
654 838 820 879 ponere
863 824 1205 865 incurtacionem
1248 824 1476 878 utriusque
1518 830 1680 874 motus,
1716 829 1810 864 tam

262 896 367 937 recti
397 909 531 948 quam
559 894 750 945 declivis,
772 901 816 935 et
844 894 923 934 erit
954 899 1098 934 motus
1123 893 1399 948 compositus
1425 906 1512 934 non
1534 893 1741 947 simpleX‚
1763 898 1812 933 ut

263 978 342 1006 nec
374 977 500 1005 arcus
532 963 698 1004 zodiaci
732 976 811 1003 nec
845 963 1154 1016 equinoccialis
1187 963 1461 1003 describatur
1492 961 1813 1013 incurtacione;

264 1041 330 1076 set
353 1033 470 1075 racio
492 1033 691 1086 procedit
714 1046 763 1074 ac
786 1032 821 1072 si
845 1038 994 1074 essent
1018 1039 1165 1074 motus
1189 1032 1411 1085 simplices
1436 1039 1480 1073 et
1503 1031 1642 1073 divisi.
1696 1031 1814 1085 Quia

264 1105 301 1145 si
331 1104 427 1154 hoc,
451 1109 555 1143 tunc
588 1102 631 1142 in
656 1102 869 1156 principio
899 1102 1201 1154 revolucionis‚
1225 1101 1330 1143 Sole
1360 1101 1581 1142 existente
1604 1102 1647 1142 in
1672 1102 1816 1158 primo
1838 1114 1876 1147 15

265 1173 405 1227 gradu
434 1171 614 1222 Arietis,
637 1172 876 1213 declinaret
904 1172 960 1212 ad
992 1173 1182 1225 primum
1213 1172 1401 1226 gradum
1431 1171 1636 1223 Piscium,
1656 1177 1700 1212 et
1729 1184 1816 1212 non

267 1243 324 1283 ad
354 1242 597 1284 secundum
626 1240 806 1281 Arietis.
874 1240 954 1282 Set
984 1253 1097 1282 nunc
1127 1254 1214 1281 non
1243 1247 1309 1282 est
1337 1240 1408 1281 hic
1439 1247 1586 1282 motus
1607 1239 1815 1294 simplex,

268 1318 335 1354 set
358 1317 423 1352 est
447 1318 595 1352 motus
617 1324 728 1351 unus
751 1311 1035 1364 compositus,
1056 1312 1131 1364 qui
1154 1311 1291 1352 habet
1316 1324 1450 1351 unam
1473 1310 1816 1352 incurtacionem

269 1381 574 1434 compositam,
599 1386 647 1421 ut
671 1380 714 1420 in
744 1379 829 1421 fine
853 1386 1000 1421 motus
1022 1394 1109 1421 non
1133 1381 1287 1421 redeat
1315 1380 1371 1421 ad
1395 1380 1540 1421 locum
1561 1380 1604 1421 in
1625 1393 1715 1433 quo
1737 1379 1818 1420 fuit

271 1451 314 1491 in
337 1449 552 1504 principio
576 1455 735 1500 motus,
761 1455 827 1490 set
850 1456 966 1490 retro
989 1455 1198 1490 remanet.
1841 1460 1882 1483 20

331 1520 391 1560 Et
420 1518 621 1572 quamvis
652 1518 733 1560 hec
762 1532 862 1572 pars
891 1520 1134 1572 questionis
1160 1519 1216 1561 sit
1245 1519 1531 1574 probabilior,
1553 1525 1700 1561 tamen
1730 1532 1819 1560 non

272 1602 427 1630 omnes
457 1588 650 1628 raciones
675 1588 730 1628 ad
760 1588 902 1642 ipsam
933 1589 1052 1642 prius
1075 1589 1252 1630 inducte
1274 1590 1330 1630 de
1356 1590 1451 1642 ipsa
1479 1589 1613 1630 fidem
1642 1587 1822 1641 faciunt,

272 1658 384 1699 sicut
416 1663 538 1710 patet
571 1658 626 1697 de
659 1657 907 1698 racionibus
929 1657 1190 1711 Alpetragii.
1255 1658 1358 1699 Non
1389 1659 1505 1699 enim
1535 1665 1637 1699 sunt
1667 1671 1821 1699 omnes

274 1733 421 1768 motus
443 1727 485 1766 in
508 1739 690 1780 corpore
711 1726 861 1768 celesti
885 1727 942 1768 ab
965 1740 1052 1768 uno
1076 1733 1247 1768 motore
1268 1740 1467 1778 numero,
1484 1734 1551 1769 set
1574 1742 1600 1769 a
1621 1726 1822 1781 pluribus

274 1795 520 1837 voluntarie
542 1795 834 1836 moventibus.

334 1865 543 1906 Ostendit
596 1865 713 1905 enim
766 1864 1036 1906 Aristoteles
1099 1866 1167 1906 xi⁰
1218 1865 1536 1920 flffetllaplzisz'ce
1588 1879 1822 1908 numerum

277 1941 501 1975 motorum
525 1947 603 1987 per
625 1947 855 1974 numerum
879 1941 1095 1975 motuum.
1159 1936 1219 1976 Et
1248 1936 1386 1976 eciam
1409 1937 1520 1978 sicut
1544 1949 1654 1977 unus
1677 1941 1824 1977 motus

277 2017 363 2044 non
395 2008 544 2044 movet
572 2002 770 2057 pluribus
800 2004 993 2044 motibus
1020 2005 1076 2045 ad
1104 2010 1250 2057 partes
1279 2005 1483 2053 diversas,
1517 2005 1716 2047 similiter
1744 2018 1823 2046 nec

277 2073 332 2113 ad
367 2072 552 2112 eandem
585 2077 757 2124 partem
792 2086 870 2125 per
900 2072 1096 2113 diversos
1127 2073 1265 2127 polos,
1297 2080 1345 2115 ut
1376 2075 1560 2116 videtur.
1624 2074 1702 2115 Ab
1736 2087 1824 2115 uno

277 2141 390 2181 enim
418 2146 601 2191 motore,
623 2141 735 2182 sicut
767 2141 888 2190 dicit,
911 2147 1117 2182 causatur
1138 2154 1248 2183 unus
1271 2149 1430 2184 motus.
1495 2143 1646 2185 Motus
1675 2150 1824 2185 autem
1845 2159 1888 2192 30

277 2210 557 2263 distinguitur
579 2210 820 2251 secundum
843 2210 1146 2252 diversitatem
1170 2211 1391 2264 polorum.
1454 2212 1514 2262 Et·
1541 2212 1700 2254 iterum
1722 2226 1825 2266 sup-

278 2279 401 2333 ponit
432 2280 552 2333 quod
586 2285 731 2320 motus
762 2280 992 2321 circulares
1024 2286 1126 2321 sunt
1158 2281 1374 2331 contrarii,
1406 2281 1530 2335 cujus
1561 2282 1826 2322 contrarium

280 2349 474 2390 ostendit
513 2349 811 2399 Aristoteles3
846 2356 890 2391 et
927 2356 1049 2404 patet
1087 2351 1284 2391 maxime
1323 2351 1441 2404 quod
1480 2364 1568 2391 non
1604 2351 1690 2392 sint
1721 2363 1825 2392 con-

280 2418 397 2458 trarii
419 2418 454 2459 si
479 2417 636 2459 fuerint
658 2432 790 2472 super
812 2419 1009 2460 diversos
1031 2418 1170 2473 polos.
1216 2419 1356 2460 Racio
1375 2433 1562 2472 sequens
1581 2419 1828 2474 probabilis

280 2492 359 2526 est.
413 2487 587 2528 Ultima
610 2500 698 2528 non
724 2487 960 2538 concludit,
982 2488 1191 2541 quoniam
1222 2488 1378 2529 eadem
1408 2489 1524 2530 racio
1556 2494 1705 2543 posset
1732 2501 1828 2529 esse
1848 2503 1888 2536 35

282 2555 401 2608 quod
417 2556 594 2609 equales
612 2569 699 2596 non
719 2563 819 2597 sunt
839 2563 985 2598 motus
1002 2556 1132 2597 simul
1150 2556 1349 2610 ejusdem
1368 2558 1564 2612 corporis
1580 2558 1622 2598 in
1636 2557 1828 2599 eandem

283 2630 456 2678 partem
486 2638 617 2679 super
645 2622 651 2679 1
679 2626 871 2667 diversos
900 2626 1040 2680 polos.
1105 2626 1175 2666 Ita
1207 2626 1324 2666 enirn
1355 2627 1536 2679 accidet,
1565 2633 1614 2669 ut
1644 2627 1829 2677 videtur,

1843 1811 1882 1844 25

329 2715 349 2744 8
373 2719 452 2746 ante
471 2714 699 2757 ptolomeum]
719 2720 833 2747 autem
852 2721 929 2756 post
947 2716 1093 2747 Dul1em.
1285 2717 1327 2747 26
1352 2716 1647 2758 Methaphisiee]
1666 2717 1724 2750 xii.
1737 2717 1790 2756 48.
