1945 3079
142 1164 200 1197 107
220 1158 242 1190 b
258 1167 286 1190 2.

134 1923 174 1955 O.
197 1923 236 1954 28
253 1922 285 1954 b.

1038 74 1121 120 372

308 178 537 219 infinitum.
603 177 680 219 Set
714 177 846 218 nichil
880 184 944 220 cst
979 177 1120 232 majus
1152 184 1248 220 toto
1277 179 1480 221 universo
1505 179 1625 233 quod
1653 192 1854 234 compre-

307 247 460 287 hendit
489 247 638 288 omnia
664 253 755 288 tam
779 247 1024 301 spiritualia
1045 261 1179 301 quarn
1202 248 1455 303 corporalia,
1478 262 1582 303 ergo
1605 248 1738 289 debet
1759 262 1856 290 esse

309 315 527 357 infinitum
548 333 556 357 :
590 316 827 358 dicendum
845 323 912 359 est
930 318 1048 371 quod
1067 330 1198 359 causa
1216 318 1358 371 prima
1375 318 1465 371 agit
1488 331 1566 371 per
1582 318 1855 360 creacionem

309 391 351 425 et
375 399 452 438 per
469 385 603 426 alium
623 386 804 426 modum
828 387 1070 427 secundum
1093 386 1211 440 quod
1235 392 1337 427 sunt
1358 387 1595 428 relaciones
1619 387 1663 427 ir1
1686 387 1855 437 divinis,

309 460 357 494 ut
391 454 515 495 Deus
545 455 676 496 Pater
707 461 886 509 generat
918 454 1093 504 Filium,
1125 456 1181 496 ab
1213 461 1401 508 utroque
1433 455 1633 509 procedit
1667 455 1856 509 Spiritus
1875 471 1893 504 5

311 522 512 574 Sanctus,
547 524 660 565 sicut
696 523 912 566 habemus
950 539 1008 565 ex
1037 523 1135 578 lege
1163 530 1325 565 nostra.
1388 524 1483 566 Ista
1514 513 1633 566 accio
1665 524 1760 578 ejus
1791 525 1855 565 in-

308 593 496 634 trinseca
528 599 593 635 est
626 593 811 645 infinita,
836 600 880 635 et
915 593 1097 635 effectus
1130 593 1225 647 ejus
1258 599 1325 634 est
1357 593 1578 634 infinitum
1611 594 1790 645 bonum,
1812 599 1857 635 et

306 663 512 716 potencia
536 662 705 704 infinita
728 664 958 705 ordinatur
979 663 1035 704 ad
1058 663 1312 717 hujusmodi
1336 670 1470 715 actus,
1493 669 1538 705 et
1559 663 1657 704 ideo
1679 656 1768 704 non
1790 669 1857 705 est

306 732 466 773 ociosa.
533 731 611 773 Set
633 731 816 774 effectus
839 738 1010 774 creatus
1033 745 1121 774 non
1141 737 1207 773 est
1230 731 1437 785 infinitus,
1461 732 1565 786 quia
1586 738 1787 774 creatura
1808 732 1857 774 fit

307 814 364 841 ex
382 800 553 850 nichilo,
576 808 619 842 et
638 802 738 843 ideo
756 801 905 843 deficit
924 816 949 843 a
966 801 1293 856 complemento
1310 801 1423 850 boni,
1443 807 1486 843 et
1504 802 1603 843 ideo
1620 806 1855 855 quantum·
1878 815 1918 840 10

307 883 479 924 cunque
500 876 566 911 θεῖ
588 871 716 921 bona,
740 876 916 924 oportet
939 872 1059 925 quod
1081 870 1138 911 sit
1161 870 1294 912 finita.

368 939 415 981 Si
442 946 488 980 tu
512 940 632 981 dicas
658 941 778 994 quod
801 941 943 993 prima
965 953 1096 981 causa
1122 939 1265 981 adhuc
1287 940 1379 994 agit
1401 939 1485 982 hoc
1507 953 1585 995 per
1605 939 1855 994 potenciam

307 1007 538 1062 infinitam,
575 1023 680 1063 ergo
723 1009 904 1051 effectus
941 1009 1084 1050 adhuc
1126 1009 1208 1050 erit
1250 1008 1470 1050 infinitus:
1518 1009 1754 1053 dicendum
1791 1016 1857 1051 est

307 1079 426 1131 quod
445 1091 532 1118 non
550 1079 756 1132 sequitur.
824 1079 941 1119 Nam
960 1077 1153 1119 infinitas
1171 1078 1376 1132 potencie
1394 1091 1483 1119 non
1507 1078 1685 1132 respicit
1707 1085 1855 1120 actum

307 1152 373 1187 set
397 1147 580 1188 modum
610 1147 825 1189 educendi
855 1146 1076 1197 effectum,
1098 1148 1173 1200 qui
1201 1148 1359 1188 modus
1382 1152 1448 1188 est
1474 1146 1478 1201 Ι
1509 1148 1564 1188 de
1587 1161 1674 1188 non
1696 1160 1791 1198 esse
1813 1147 1856 1188 in
1879 1161 1918 1194 15

307 1229 411 1266 esse,
436 1216 490 1257 de
522 1214 684 1258 nichilo
710 1217 766 1258 ad
799 1216 976 1270 aliquid,
1005 1216 1117 1258 inter
1145 1229 1231 1270 que
1264 1223 1331 1258 est
1363 1215 1534 1258 infinita
1563 1216 1789 1268 distancia‚
1812 1222 1858 1259 et

307 1285 408 1327 ideo
434 1286 628 1340 exigitur
653 1286 859 1340 potencia
881 1285 1061 1328 infinita.

367 1355 426 1396 Et
468 1355 503 1395 si
541 1355 713 1396 dicatur
749 1355 869 1408 quod
907 1369 1009 1396 cum
1048 1354 1253 1409 potencia
1291 1360 1357 1396 est
1401 1353 1572 1396 infinita
1609 1360 1654 1395 et
1696 1355 1857 1398 modus

307 1424 522 1465 educendi
541 1431 607 1465 est
625 1424 833 1476 infinitus,
851 1438 956 1478 ergo
975 1431 1019 1466 et
1041 1424 1222 1466 effectus
1241 1439 1248 1464 :
1282 1423 1518 1465 dicendum
1536 1429 1602 1465 est
1624 1424 1744 1477 quod
1766 1438 1855 1466 non

306 1494 513 1546 sequitur,
535 1494 637 1547 quia
666 1493 847 1536 effectus
870 1499 936 1535 est
966 1500 1069 1547 post
1092 1507 1178 1534 non
1202 1507 1311 1544 esse,
1334 1499 1378 1534 et
1402 1493 1502 1534 ideo
1533 1493 1669 1534 habet
1690 1494 1854 1548 aliquid
1877 1510 1919 1532 20

305 1562 503 1604 defectus
532 1569 575 1604 et
601 1563 877 1617 privacionis.
945 1562 1022 1604 Set
1051 1562 1086 1602 si
1113 1576 1200 1604 non
1232 1562 1487 1616 procederet
1515 1569 1619 1616 post
1639 1576 1728 1603 non
1751 1576 1856 1615 esse,

305 1639 411 1673 tunc
442 1633 555 1673 bene
583 1638 852 1685 sequeretur,
875 1638 918 1673 et
947 1632 1047 1672 ideo
1075 1645 1163 1672 non
1192 1638 1259 1672 est
1291 1631 1644 1685 inpedimentum
1672 1645 1698 1672 a
1731 1639 1856 1687 parte

305 1701 498 1752 effectus,
521 1708 701 1756 propter
724 1702 844 1755 quod
868 1707 1085 1755 repugnat
1108 1701 1147 1742 ei
1171 1700 1377 1742 infinitas.

367 1772 481 1812 Item
496 1771 531 1812 si
550 1771 741 1812 dicatur:
768 1771 919 1812 Motor
936 1770 1016 1812 celi
1034 1777 1101 1812 est
1116 1770 1284 1811 infinite
1299 1771 1513 1823 potencie,
1527 1776 1576 1812 ut
1590 1767 1857 1812 Aristoteles

305 1840 412 1882 dicit
446 1841 489 1880 in
530 1847 686 1882 octavo
715 1839 1009 1891 Plzz'sz‘corum,
1048 1854 1152 1894 ergo
1190 1840 1229 1880 ei
1267 1841 1506 1894 respondet
1549 1840 1717 1882 mobile
1755 1851 1855 1893 pro·
1877 1853 1917 1886 25

306 1910 556 1965 porcionale
589 1916 632 1951 et
665 1916 841 1960 motus;
871 1908 875 1966 Ι
904 1917 971 1952 εθῖ
1003 1910 1136 1952 nichil
1168 1910 1536 1965 proporcionatur
1574 1909 1742 1951 infinito
1774 1909 1856 1950 nisi

305 1979 540 2028 infinitum,
562 1993 665 2034 ergo
688 1980 830 2020 celum
854 1985 920 2021 est
949 1979 1169 2021 infinitum
1200 1986 1243 2020 et
1267 1985 1413 2021 motus
1435 1980 1527 2034 ejus
1550 1985 1617 2021 θεῖ
1638 1979 1831 2021 infinitus
1850 1995 1858 2020 :

305 2049 543 2091 dicendum
580 2049 699 2102 quod
739 2049 840 2091 licet
883 2056 1029 2091 motor
1063 2049 1143 2090 celi
1179 2049 1236 2090 sit
1278 2049 1523 2090 secundum
1565 2062 1612 2090 se
1652 2048 1858 2103 potencie

306 2119 483 2169 infinite,
521 2125 672 2159 tamen
710 2132 735 2159 a
774 2125 898 2171 parte
937 2118 1188 2172 recipientis
1226 2124 1425 2160 creature
1468 2117 1747 2159 influenciam
1789 2124 1856 2160 est

306 2188 463 2239 finitas,
484 2188 587 2241 quia
620 2201 697 2240 per
719 2188 902 2228 modum
935 2188 1180 2242 recipientis
1210 2187 1496 2243 recipitur,tet
1529 2187 1571 2227 in
1601 2186 1685 2228 hoc
1711 2192 1854 2228 osten·
1876 2211 1917 2243 30

306 2258 422 2298 ditur
440 2257 633 2298 infinitas
656 2257 859 2310 potencie
882 2259 999 2310 quod
1027 2255 1113 2298 non
1137 2263 1306 2298 artatur
1327 2256 1381 2297 ad
1404 2256 1610 2298 effectum
1634 2255 1854 2297 infinitum

306 2333 372 2367 set
415 2331 563 2380 potest
607 2327 648 2366 in
691 2326 895 2368 effectum
939 2326 1109 2368 finitum
1152 2326 1393 2368 secundum
1444 2325 1749 2367 condicionem
1792 2339 1855 2367 re-

306 2395 578 2448 cipiencium.

351 2543 392 2574 25
415 2534 673 2577 Phisicorum]
692 2535 761 2567 viii.
784 2537 836 2575 78,
857 2536 910 2567 86.

356 2674 368 2693 1
396 2662 521 2704 majus]
541 2664 647 2702 magis
666 2662 697 2693 Ο
832 2674 849 2701 4
877 2661 1088 2703 relaciones]
1105 2661 1263 2693 acciones
1282 2660 1313 2691 Ο
1459 2670 1497 2691 12
1520 2659 1597 2702 per]
1616 2660 1805 2691 secundum
1825 2658 1856 2690 Ο

309 2724 346 2753 14
372 2715 501 2756 actum]
520 2715 678 2746 effectum
694 2713 725 2745 Ο
859 2723 902 2744 20
926 2713 995 2755 est]
1015 2714 1051 2744 fit
1064 2713 1095 2743 O
1230 2723 1269 2743 21
1297 2717 1375 2753 post
1392 2722 1460 2743 om.
1481 2711 1512 2742 Ο
1645 2720 1687 2751 25
1712 2721 1856 2752 propor-

307 2766 457 2807 cionale]
476 2767 615 2807 proprie
634 2766 665 2798 Ο
801 2776 841 2805 27
867 2766 940 2805 ejus
956 2775 1023 2797 om.
1043 2765 1085 2796 M
1216 2775 1257 2804 32
1283 2764 1538 2806 condicionem]
1553 2764 1756 2796 divisionem
1773 2762 1816 2794 M
