1945 3079
796 109 879 162 363

24 210 26 213 ¹
69 226 116 262 ut
137 219 320 273 diligens
347 215 354 274 1
382 219 590 273 probacio
612 217 871 260 certificabit
893 222 1122 274 posterius,
1143 230 1412 278 quapropter
1433 225 1606 267 videtur
1631 244 1690 276 105
1709 235 1730 266 b
1750 243 1778 268 1.

67 289 186 343 quod
208 288 243 329 si
266 287 398 327 aliam
426 285 609 341 figuram
638 287 833 330 habeant
856 295 1002 342 partes
1024 290 1354 344 elementorum,
1381 294 1499 347 quod
1532 294 1604 335 illa

67 353 320 396 naturaliter
341 353 424 394 erit
445 353 652 407 pyramis.

124 423 182 464 Et
205 423 261 463 ad
284 422 367 463 hoc
389 427 537 476 potest
566 421 666 472 dici,
689 422 946 464 sustinendo
968 424 1166 477 predicta
1195 426 1250 466 de
1280 426 1419 481 figura
1440 429 1604 478 cubica,

30 513 48 547 5
66 492 184 547 quod
205 490 374 545 duplex
402 497 469 532 est
497 489 814 531 elementorum
843 492 1098 543 inclinaci03
1132 507 1218 534 una
1244 502 1309 536 est
1336 496 1376 535 in
1401 496 1496 537 loco
1519 510 1604 549 que

65 567 130 604 est
160 561 399 602 secundum
432 560 564 600 situm
595 559 689 610 loci,
722 559 807 600 alia
839 566 905 601 est
942 561 997 602 ad
1031 561 1176 602 locum
1214 576 1301 604 non
1333 563 1532 604 habitum
1564 566 1606 604 in

65 635 181 680 actu,
201 635 244 670 et
266 628 346 670 hec
368 628 559 669 secunda
581 634 647 669 est
670 629 712 668 in
736 636 858 670 motu
876 629 1093 670 elementi.
1146 631 1346 684 Utraque
1369 639 1515 673 autem
1538 641 1603 673 est

66 705 182 741 recta
199 704 242 740 et
264 698 364 739 ideo
385 703 572 750 utraque
593 697 774 750 requirit
798 697 984 751 figuram
1008 706 1171 740 rectam
1191 715 1198 739 :
1231 707 1297 740 set
1321 713 1406 740 non
1429 707 1603 754 oportet

64 768 182 822 quod
219 767 405 808 eandem
445 772 512 807 set
554 766 748 820 quelibet
789 768 1029 808 secundum
1064 767 1129 807 sui
1167 768 1471 821 aptitudinem,
1503 770 1607 821 quia

11 857 49 880 ιο
64 834 230 876 diverse
250 839 352 875 sunt
374 839 418 874 et
440 831 659 873 distincte.
722 831 845 873 Sicut
872 833 986 873 enim
1010 831 1150 887 figura
1176 833 1462 887 pyramidalis
1484 847 1604 874 com-

64 902 175 958 petit
216 902 412 943 maxime
454 901 593 942 motui
630 901 962 951 elementorum,
996 901 1057 941 sic
1099 900 1240 954 figura
1275 901 1428 943 cubica
1465 903 1600 956 quieti

64 985 212 1014 eorum
244 978 288 1012 et
314 971 510 1026 parcium
543 983 718 1011 suarum
752 970 794 1010 in
827 970 934 1020 loco,
957 971 1060 1024 quia
1092 970 1171 1011 hec
1204 971 1347 1023 primo
1377 976 1420 1011 et
1451 985 1528 1025 per
1558 985 1605 1011 se

64 1045 165 1080 nata
186 1043 251 1079 est
273 1037 418 1079 locum
441 1035 623 1090 replere.

122 1107 169 1149 Si
189 1120 294 1148 vero
315 1107 486 1148 dicatur
507 1106 627 1159 quod
650 1119 727 1160 per
744 1105 930 1146 eandem
953 1111 1152 1146 naturam
1170 1118 1303 1159 grave
1326 1112 1529 1146 movetur
1543 1106 1600 1148 ad

9 1199 44 1232 15
64 1177 206 1218 locum
228 1183 271 1217 et
293 1176 477 1230 quiescit
499 1175 543 1216 in
566 1175 662 1216 loco
695 1188 800 1228 ergo
823 1188 900 1229 per
921 1175 1106 1216 eandem
1124 1174 1321 1227 figuram,
1345 1174 1428 1215 hoc
1446 1182 1593 1216 tamen

63 1259 148 1288 non
164 1246 338 1287 videtur
351 1258 445 1286 esse
463 1257 638 1286 necesse
655 1245 774 1298 quod
789 1243 870 1284 hec
886 1243 1041 1284 eadem
1061 1250 1216 1285 natura
1238 1243 1440 1297 specifica
1461 1244 1596 1285 habet

63 1315 256 1356 diversas
278 1314 584 1356 inclinaciones
612 1314 669 1355 ad
701 1313 844 1354 locum
877 1318 922 1353 et
951 1313 994 1352 in
1026 1313 1138 1362 loco,
1169 1319 1214 1354 et
1245 1313 1343 1353 ideo
1369 1313 1602 1365 requiritur

63 1383 201 1438 figura
222 1383 405 1425 diversa.
468 1384 586 1424 Nam
610 1383 766 1424 eadem
790 1388 946 1423 natura
974 1382 1215 1422 secundum
1241 1382 1433 1435 speciem
1456 1388 1604 1435 potest

62 1453 223 1496 habere
236 1454 428 1495 diversas
444 1453 737 1508 proprietates
761 1452 826 1505 (ut
843 1451 977 1493 homo
1000 1457 1067 1492 est
1083 1451 1245 1493 risibile
1263 1458 1307 1492 et
1325 1451 1603 1505 susceptibile

8 1541 47 1564 20
62 1523 316 1578 discipline),
333 1523 577 1564 dummodo
599 1535 685 1563 non
708 1522 795 1563 sint
817 1522 1034 1563 contrarie
1056 1528 1099 1562 et
1123 1527 1418 1574 repugnantes
1436 1535 1443 1570 ;
1475 1527 1518 1561 et
1539 1521 1599 1561 sic

63 1600 128 1644 est
166 1592 249 1635 hic.
314 1593 498 1634 Diverse
538 1592 652 1633 enim
693 1598 795 1632 sunt
837 1590 1170 1644 quodammodo
1208 1590 1514 1631 inclinaciones
1545 1590 1602 1631 ad

62 1661 205 1704 locum
228 1668 272 1703 et
293 1662 337 1702 in
358 1661 470 1713 loco,
487 1667 530 1703 et
551 1661 637 1703 hoc
660 1660 764 1702 facit
780 1660 950 1714 posicio
972 1659 1169 1714 parcium
1193 1659 1235 1699 in
1254 1658 1350 1700 loco
1373 1665 1417 1699 et
1440 1659 1602 1712 posicio

62 1730 256 1784 parcium
289 1731 529 1772 secundum
566 1730 861 1785 aptitudinem
903 1734 1061 1780 motus,
1090 1726 1095 1782 Ι
1122 1735 1167 1769 et
1207 1728 1308 1781 quia
1349 1727 1601 1780 hujusmodi
1622 1737 1663 1769 O.
1684 1746 1719 1777 24
1741 1747 1770 1769 a.

61 1800 306 1855 posiciones
337 1806 439 1841 sunt
471 1800 653 1848 diverse,
684 1799 784 1840 ideo
816 1798 966 1853 figura,
999 1811 1085 1851 que
1116 1803 1182 1838 est
1214 1797 1425 1848 accidens,
1458 1802 1604 1850 potest

5 1885 49 1918 ²51
62 1882 155 1911 esse
177 1870 355 1911 diversa.
420 1869 467 1911 Si
489 1875 638 1910 tamen
663 1882 901 1922 possumus
931 1866 1168 1908 certificare
1196 1866 1251 1907 ad
1283 1865 1460 1919 plenum
1484 1865 1602 1917 quod

61 1939 312 1992 pyramides
351 1945 454 1979 sunt
497 1945 600 1979 nate
637 1938 782 1979 locum
818 1936 997 1990 replere,
1039 1949 1125 1976 non
1159 1941 1224 1976 est
1259 1935 1422 1975 malum
1459 1934 1604 1974 dicere

61 2008 180 2062 quod
217 2008 297 2050 hec
335 2007 472 2063 figura
507 2007 741 2049 conveniat
772 2006 971 2061 partibus
1003 2004 1318 2046 elementorum
1349 2002 1603 2057 simpliciter

61 2082 151 2118 tam
177 2077 219 2118 in
248 2076 347 2118 loco
373 2091 507 2131 quam
540 2077 582 2117 in
616 2083 741 2118 motu
773 2076 829 2116 ad
862 2075 1007 2116 locum
1038 2072 1044 2130 Ι
1070 2080 1250 2128 propter
1275 2073 1600 2125 idemptitatem
1624 2092 1682 2124 105
1700 2083 1721 2115 b
1740 2092 1768 2115 2.

61 2145 356 2188 inclinacionis
388 2152 544 2187 nature
574 2152 667 2186 tam
699 2146 756 2186 ad
790 2145 935 2186 locum
968 2157 1100 2197 quam
1135 2143 1177 2183 in
1210 2142 1323 2191 loco,
1348 2147 1390 2182 et
1423 2147 1601 2195 propter

3 2227 44 2260 30
59 2214 412 2256 conformitatem
435 2215 785 2255 inclinacionum.

119 2283 179 2325 Et
209 2297 309 2326 cum
343 2290 496 2326 contra
525 2284 610 2324 hoc
641 2283 856 2324 obiciatur
883 2282 1003 2335 quod
1035 2279 1171 2321 cubus
1204 2279 1345 2332 magis
1375 2283 1502 2318 natus
1534 2283 1599 2318 est

18 2364 21 2366 ·
60 2351 201 2394 locum
229 2352 408 2408 replere,
432 2352 763 2394 concedendum
793 2358 859 2392 est
887 2351 929 2390 in
963 2350 1183 2390 elemento
1217 2349 1258 2388 in
1289 2354 1502 2400 quantum
1533 2352 1600 2387 est

59 2433 226 2475 corpus,
269 2429 336 2463 set
378 2435 465 2462 non
509 2423 553 2462 in
596 2427 810 2474 quantum
854 2426 919 2460 est
962 2418 1228 2459 elementum
1267 2416 1433 2457 habens
1467 2428 1599 2456 unam

60 2497 260 2546 naturam
297 2491 482 2532 eandem
521 2504 598 2545 per
630 2504 763 2543 quam
802 2488 1032 2529 inclinatur
1065 2488 1120 2528 ad
1156 2486 1301 2526 locum
1335 2492 1379 2527 et
1416 2485 1459 2525 in
1492 2484 1600 2535 loco,

3 2573 42 2606 35
59 2566 237 2613 propter
257 2560 381 2613 cujus
404 2567 560 2601 nature
583 2559 906 2613 idemptitatem
936 2564 979 2597 et
1005 2563 1187 2611 propter
1209 2568 1392 2608 quarum
1420 2554 1598 2594 inclina-

101 2649 121 2669 2
144 2638 243 2670 aliam
261 2639 418 2680 figuram]
437 2639 502 2670 alia
519 2639 702 2678 figurarum
722 2636 752 2667 Ο
834 2647 854 2674 4
877 2634 1096 2676 sustinendo]
1114 2634 1256 2665 sciendo
1276 2633 1306 2664 O
1376 2641 1413 2671 15
1438 2631 1598 2672 quiescit]

58 2690 210 2730 quiescet
229 2691 259 2722 Ο
342 2702 383 2722 22
406 2692 481 2723 loco
498 2690 571 2732 alt.]
590 2694 662 2721 toto
683 2689 713 2720 Ο
795 2697 835 2728 25
853 2687 1051 2728 possumus]
1068 2686 1296 2726 presumimus
1315 2684 1346 2715 O
1447 2693 1487 2722 27
1512 2693 1595 2714 con-

57 2743 188 2785 veniat]
205 2748 398 2775 conveneat
413 2743 443 2774 O
562 2753 603 2782 29
627 2741 764 2782 nature]
785 2740 922 2771 materie
943 2738 973 2769 Ο
1092 2748 1131 2777 31
1158 2735 1340 2777 obiciatur]
1360 2735 1552 2766 obiceretur
1570 2734 1600 2765 O

59 2804 100 2834 3²
117 2800 176 2828 est
192 2796 248 2827 alt.
270 2806 335 2826 om.
357 2795 398 2825 M
