1945 3079
801 114 882 156 323

70 221 136 258 est
168 216 286 270 quod
319 220 385 256 est
417 214 478 255 eis
510 215 716 255 omnibus
748 215 789 254 in
822 216 968 269 specie
1000 206 1281 267 contrarium,
1304 223 1347 258 et
1381 217 1422 257 in
1454 230 1611 270 genere

68 286 340 337 conveniens,
362 290 439 325 aut
461 284 650 325 mundus
672 290 786 325 esset
809 284 1062 326 diminutus.
1126 285 1185 327 Et
1217 286 1299 327 hoc
1328 284 1333 341 Ι
1361 286 1612 327 evidencius
1635 302 1678 335 94
1694 293 1714 324 b
1734 302 1761 324 2.

73 360 194 409 patet
223 367 301 409 per
330 353 708 394 combinacionem
737 359 926 406 quatuor
953 354 1231 407 qualitatum.
1285 356 1401 396 Nam
1426 362 1615 410 quatuor

71 423 214 464 modis
238 422 479 464 combinari
502 428 696 475 possunt,
714 428 761 462 ut
784 428 898 463 terra
920 423 1090 464 dicatur
1114 423 1273 477 frigida
1290 431 1333 464 et
1356 425 1481 474 sicca,
1499 438 1614 478 aqua

34 512 52 544 5
70 492 229 546 frigida
257 497 301 532 et
332 491 528 541 humida,
550 496 594 532 et
622 505 696 532 aer
724 491 933 532 humidus
962 499 1007 533 et
1033 492 1216 543 calidus,
1240 493 1353 545 ignis
1380 493 1548 534 calidus
1571 500 1615 534 et

70 562 222 602 siccus.
285 560 435 614 Quare
471 559 505 600 εἰ
543 573 678 600 unum
721 560 904 601 istorum
946 574 1046 602 cum
1088 561 1375 615 qualitatibus
1417 563 1504 603 suis
1547 570 1613 603 est

73 630 282 684 positum,
309 635 353 670 et
383 628 550 681 reliqua
582 629 792 670 similiter.
857 630 971 671 Item
1004 644 1138 684 grave
1166 631 1365 672 absolute
1394 638 1460 672 est
1494 631 1612 684 quod

72 698 267 753 precellit
288 698 382 738 aliis
403 698 444 738 in
467 698 695 750 gravitate,
719 705 761 739 et
784 699 915 739 nichil
937 699 1070 740 habet
1092 699 1146 739 de
1169 713 1264 740 esse
1285 699 1405 748 levis,
1429 706 1472 740 et
1495 701 1615 752 quod

72 774 224 809 natum
258 773 324 808 est
357 768 546 808 residere
577 767 658 808 sub
691 768 895 809 omnibus
929 768 971 808 in
1005 774 1156 809 centro
1194 775 1236 810 et
1270 769 1389 822 quod
1423 769 1466 808 in
1498 768 1616 809 nullo

15 858 54 881 10
73 837 170 879 loco
192 843 259 878 est
281 836 387 877 leve.
451 837 595 878 Grave
613 851 717 878 vero
741 837 782 877 in
805 843 1006 891 respectu
1029 844 1096 879 θεῖ
1118 838 1238 890 quod
1263 851 1352 878 non
1375 843 1440 878 θεῖ
1462 844 1615 878 natum

73 908 128 948 ad
157 906 252 956 hoc,
275 913 342 948 set
367 912 433 947 θεῖ
460 906 554 948 leve
576 907 620 946 in
641 906 753 948 alico
774 906 872 948 loco
900 908 1070 957 mundi,
1089 907 1263 958 scilicet,
1286 907 1329 947 in
1354 906 1452 948 loco
1474 907 1618 961 gravis

73 976 289 1018 absolute.
344 977 405 1018 Et
426 976 627 1018 similiter
649 977 745 1017 leve
765 977 968 1017 absolute
989 983 1055 1018 θεῖ
1077 977 1197 1030 quod
1222 983 1375 1018 natum
1401 983 1467 1017 est
1489 990 1619 1031 super

74 1047 222 1087 omnia
241 1045 423 1087 mobilia
443 1052 566 1086 motu
590 1052 710 1086 recto
733 1045 829 1086 ferri
852 1052 895 1086 et
917 1046 1140 1100 quiescere
1157 1045 1248 1086 sine
1267 1046 1412 1086 medio
1431 1059 1616 1095 sursum,

74 1115 194 1168 quod
216 1129 302 1156 non
325 1121 391 1155 est
413 1128 544 1168 grave
566 1115 609 1155 in
631 1114 742 1156 alico
763 1114 862 1156 loco
886 1115 1047 1156 mundi.
1111 1114 1231 1155 Leve
1254 1114 1295 1154 in
1321 1120 1520 1168 respectu
1551 1120 1616 1154 est

17 1204 54 1236 ¹5
77 1184 195 1237 quod
219 1197 305 1224 non
329 1190 395 1225 θεῖ
417 1184 683 1238 hujusmodi,
706 1190 773 1225 set
796 1190 862 1225 θεῖ
883 1183 925 1224 in
949 1183 1060 1225 alico
1079 1183 1177 1224 loco
1191 1197 1334 1236 grave.
1401 1183 1498 1223 Hec
1516 1190 1616 1223 sunt

77 1253 333 1307 principalia
362 1267 447 1307 que
475 1252 742 1294 Aristoteles
774 1253 898 1306 ponit
931 1254 973 1293 in
1006 1253 1221 1306 principio
1253 1251 1344 1294 Celz'
1370 1258 1413 1292 et
1441 1251 1620 1303 Mundi,

75 1330 120 1364 et
157 1323 200 1363 in
236 1329 393 1376 quarto
430 1322 655 1375 Averroys
696 1321 940 1363 confirmat.
1004 1321 1082 1363 Set
1120 1335 1232 1362 nunc
1266 1322 1467 1362 videmus
1501 1321 1622 1374 quod

75 1406 164 1434 non
195 1399 261 1434 est
287 1406 421 1445 grave
457 1392 500 1432 in
537 1398 736 1445 respectu
773 1391 930 1441 solum,
965 1392 1086 1444 quod
1123 1397 1188 1431 θεῖ
1224 1404 1352 1443 aqua,
1385 1396 1451 1431 set
1488 1403 1622 1444 grave

76 1461 291 1512 absolute,
313 1462 432 1515 quod
463 1467 530 1502 θεῖ
559 1468 685 1511 terra,
707 1475 811 1515 ergo
841 1474 928 1501 non
958 1466 1024 1501 est
1053 1460 1196 1502 solum
1225 1459 1320 1501 leve
1347 1460 1389 1500 in
1419 1467 1620 1513 respectu

0 1549 58 1572 .2o
77 1531 197 1585 quod
229 1537 294 1572 est
324 1545 408 1582 aer,
437 1537 504 1572 set
536 1538 579 1572 et
606 1531 822 1581 absolute,
848 1537 892 1571 et
919 1530 1002 1571 hoc
1028 1543 1239 1571 vocamus
1266 1530 1423 1583 ignem.
1487 1529 1622 1582 Aqua

78 1602 195 1642 enim
218 1608 284 1642 est
306 1601 452 1655 gravis
477 1601 518 1641 in
538 1601 637 1642 loco
656 1615 735 1642 suo
754 1606 796 1641 et
820 1601 862 1641 in
883 1600 981 1642 loco
1004 1601 1117 1641 aeris
1140 1605 1184 1641 et
1206 1600 1328 1653 ignis,
1350 1599 1454 1652 quia
1477 1600 1518 1639 in
1540 1599 1623 1639 hiis

78 1671 217 1712 tribus
238 1670 345 1712 locis
367 1677 470 1712 nata
493 1678 559 1712 est
583 1670 852 1712 descendere
868 1670 903 1711 si
927 1670 968 1710 in
990 1669 1073 1710 illis
1091 1675 1292 1723 ponatur.
1358 1668 1435 1709 Set
1459 1668 1500 1708 in
1525 1668 1622 1709 1000

78 1747 193 1782 terre
216 1747 282 1781 est
304 1739 423 1791 levis,
445 1740 549 1793 quia
571 1740 605 1780 εἰ
628 1737 806 1781 θεεθῖίη
829 1739 928 1781 1000
950 1746 1062 1781 terre
1085 1753 1256 1780 sursum
1282 1737 1464 1780 ferretur
1486 1751 1624 1790 usque

77 1811 135 1852 ad
164 1810 485 1852 concavitatem
516 1811 641 1850 aeris.
703 1809 798 1850 Aer
826 1809 1025 1850 similiter
1051 1815 1116 1850 est
1142 1809 1287 1862 gravis
1311 1809 1352 1848 in
1380 1821 1508 1860 spera
1533 1821 1624 1857 sua,

20 1895 58 1928 25
80 1886 124 1921 et
154 1880 254 1921 ideo
283 1893 370 1920 non
402 1886 468 1920 θεῖ
491 1893 665 1920 summe
692 1879 798 1926 leve,
822 1885 1095 1932 quapropter
1117 1884 1295 1932 oportet
1316 1878 1435 1931 quod
1459 1876 1624 1929 aliquid

81 1949 218 1990 levius
239 1949 295 1990 sit
318 1949 416 2002 ipso
438 1962 547 1998 aere,
573 1947 733 1989 mobile
756 1955 881 1989 motu
911 1954 1030 1988 recto
1057 1961 1187 2000 Super
1208 1947 1364 2000 ipsum,
1387 1953 1431 1987 et
1452 1946 1537 1986 hoc
1560 1951 1625 1986 est

81 2019 207 2074 ignis,
242 2018 285 2058 in
324 2017 448 2070 cujus
485 2031 611 2070 spera
647 2031 721 2058 aer
757 2018 838 2059 erit
876 2017 1034 2072 graviS.
1099 2017 1160 2057 Et
1197 2017 1297 2057 ideo
1333 2021 1510 2070 oportet
1545 2014 1625 2055 hec

82 2093 271 2141 quatuor
288 2087 506 2127 elementa
523 2100 617 2127 esse
637 2086 818 2127 mobilia
836 2092 959 2126 motu
979 2092 1099 2126 recto
1121 2091 1266 2140 preter
1281 2085 1483 2138 quintum
1506 2084 1625 2138 quod

82 2164 147 2198 est
171 2155 334 2198 mobile
356 2162 480 2196 motu
504 2155 715 2196 circulari.
778 2156 893 2197 Item
916 2169 1017 2195 cum
1045 2161 1248 2208 oporteat
1271 2167 1433 2207 ponere
1455 2166 1627 2194 summe

23 2241 64 2273 30
83 2227 177 2268 leve
208 2227 319 2267 sicut
351 2239 524 2266 summe
555 2238 698 2278 grave,
725 2225 731 2280 Ι
760 2231 935 2278 oportet
964 2225 1084 2278 quod
1113 2225 1200 2265 sint
1232 2225 1321 2264 duo
1348 2223 1493 2264 media
1515 2223 1627 2263 inter
1645 2225 1687 2256 Ο·
1705 2224 1724 2256 6
1742 2226 1772 2257 b-

82 2310 146 2349 ea,
171 2296 275 2349 quia
296 2301 478 2348 propter
500 2294 814 2336 excellenciam
838 2300 1140 2335 extremorum
1165 2293 1358 2334 medium
1382 2305 1516 2332 unum
1539 2304 1625 2331 non

84 2365 166 2405 erit
183 2364 530 2419 proporcionale.
575 2364 694 2404 Nam
711 2364 895 2404 haberet
916 2361 920 2417 l
939 2369 1143 2403 naturam
1158 2362 1384 2414 utriusque
1401 2360 1626 2413 equaliter,
1647 2372 1686 2405 95
1704 2374 1723 2394 a
1743 2371 1769 2395 1-

132 2480 172 2510 16
194 2481 277 2511 Geli
294 2482 332 2510 et
348 2478 504 2519 Mundi]
522 2478 542 2509 i.
565 2488 578 2508 1
599 2488 607 2516 ;
632 2476 674 2507 iv.
699 2486 712 2507 1
731 2486 851 2506 comm.

127 2600 148 2629 3
171 2593 317 2628 quatuor
327 2593 379 2629 pr.
398 2597 465 2618 om.
488 2587 514 2618 O
605 2596 623 2626 7
648 2585 795 2625 positum
814 2609 820 2616 .
841 2607 848 2614 .
868 2608 875 2615 .
892 2583 1064 2624 similiter]
1081 2582 1277 2623 ponendum
1296 2586 1359 2621 est,
1379 2581 1444 2612 erit
1459 2579 1524 2612 alia
1540 2580 1630 2610 simi-

86 2642 165 2673 liter
180 2640 210 2671 Ο
299 2641 319 2670 8
344 2650 420 2671 esse
433 2638 535 2680 levis]
549 2638 617 2672 levi
631 2637 661 2668 Ο
750 2648 771 2677 9
795 2635 970 2677 omnibus]
981 2635 1139 2666 omnibus
1153 2633 1353 2674 corporibus
1368 2632 1398 2663 O
1491 2642 1529 2671 13
1554 2631 1628 2663 sine

85 2692 214 2733 medio]
239 2702 370 2723 summe
397 2691 428 2723 O
565 2701 604 2730 14
628 2690 744 2721 mundi
769 2699 833 2720 om.
861 2687 891 2718 Ο
1027 2697 1064 2727 17
1089 2685 1227 2727 quarto]
1257 2690 1375 2725 quarto
1406 2685 1502 2724 ponit
1532 2688 1565 2714 et
1599 2683 1629 2713 Ο

87 2755 128 2784 23
144 2754 279 2776 sursum
291 2743 456 2784 ferretur]
468 2743 567 2773 fieret
578 2752 712 2773 sursum
731 2740 761 2771 O
807 2742 850 2771 26
868 2739 982 2780 recto]
997 2743 1089 2770 recto
1106 2743 1140 2769 et
1154 2739 1197 2769 sit
1215 2737 1245 2767 O
1290 2747 1342 2776 29,
1358 2746 1402 2775 30
1419 2746 1549 2766 summe
1563 2735 1627 2777 bis]

86 2806 253 2828 summum
273 2794 303 2825 O
436 2805 475 2835 31
502 2792 763 2834 excellenciam]
781 2792 1007 2824 excellentem
1023 2790 1296 2822 contrarietatem
1315 2789 1346 2819 O

824 2858 895 2889 22
