1945 3079
161 468 380 540 Incipit
409 466 694 521 secundus
726 467 872 520 liber
914 466 1331 520 C0772772u712'2tm
1373 469 1635 521 Natum·
1656 495 1694 528 91
1716 497 1734 517 a
1757 495 1786 522 ι,

89 565 254 632 lium,
284 566 391 637 qui
423 569 507 619 est
538 565 607 618 de
644 565 949 631 σείθςίίόῑις,
981 568 1048 617 m‘
1076 565 1144 618 de
1180 565 1290 618 celo
1323 568 1379 618 el
1408 565 1638 629 mundo,

88 680 254 734 cujus
278 663 380 716 lzec
404 665 488 716 est
505 666 657 734 pars
684 662 892 734 prima
928 661 1027 724 <de
1055 662 1395 733 corporibus,
1424 662 1638 715 haberes

87 761 342 833 capitula
370 764 664 832 quatuor).

49 918 67 951 5
152 902 400 959 Capitulum
412 904 613 958 primum
640 907 724 957 <an
748 910 926 957 corpora
947 917 991 944 se
1014 909 1202 957 tangant
1222 902 1268 944 in
1280 901 1484 957 puncto).

146 994 292 1036 Prima
325 995 457 1049 igitur
484 995 646 1036 veritas
675 995 788 1036 circa
817 1008 1002 1048 corpora
1027 993 1178 1035 mundi
1208 999 1274 1035 est
1301 994 1419 1047 quod
1451 1006 1538 1034 non
1568 998 1634 1033 est
1654 997 1694 1030 O.
1718 1007 1728 1029 1
1751 1010 1779 1030 a.

86 1076 221 1103 unum
243 1077 402 1117 corpus
433 1063 690 1105 continuum
721 1069 765 1104 et
795 1064 923 1104 unius
951 1069 1116 1112 nature,
1147 1062 1248 1104 licet
1280 1063 1364 1104 hoc
1396 1067 1635 1116 posuerunt

85 1131 232 1186 aliqui,
260 1139 308 1174 ut
341 1132 621 1174 Parmenides
651 1139 696 1174 et
729 1132 962 1182 Mellissus,
985 1138 1032 1172 ut
1065 1137 1188 1186 patet
1221 1146 1278 1173 ex
1311 1132 1451 1185 primo
1482 1131 1634 1172 Phisi-

85 1215 232 1242 cormn
255 1208 299 1243 et
317 1202 437 1243 alibi.
500 1202 618 1243 Nam
635 1201 677 1241 in
691 1201 1032 1254 precedentibus
1046 1207 1272 1242 ostensum
1289 1207 1355 1242 est
1372 1201 1636 1242 auctoritate

28 1285 68 1308 10
87 1269 335 1312 Ptholomei
351 1278 394 1312 et
410 1271 580 1313 Alacen
601 1271 643 1311 in
660 1271 773 1312 libro
789 1271 1053 1324 Aspecluum
1072 1277 1115 1312 et
1133 1284 1210 1324 per
1227 1270 1633 1311 consideracionem

86 1339 479 1381 instrumentorum
521 1340 788 1382 astronomie
838 1341 956 1393 quod
1002 1340 1110 1380 radii
1162 1338 1388 1381 stellarum
1431 1340 1506 1392 qui
1549 1353 1635 1380 non

86 1409 251 1451 cadunt
288 1411 344 1451 ad
377 1409 562 1464 angulos
597 1416 739 1451 rectos
773 1409 1039 1462 franguntur
1064 1415 1305 1462 antequam
1337 1409 1392 1449 ad
1426 1422 1506 1450 nos
1538 1423 1636 1462 per-

82 1479 272 1521 veniant.
325 1478 404 1520 Set
430 1479 590 1520 fraccio
625 1479 844 1520 radiorum
875 1492 962 1520 non
994 1485 1060 1520 est
1088 1479 1167 1520 nisi
1200 1478 1274 1519 ubi
1307 1492 1463 1531 corpus
1488 1491 1636 1519 secun-

83 1548 190 1589 dum
223 1562 248 1589 a
278 1549 421 1603 primo
454 1555 518 1590 est
561 1548 781 1589 diversum
815 1548 858 1588 in
895 1548 1123 1602 superficie
1165 1553 1208 1588 et
1240 1554 1407 1600 natura,
1436 1553 1484 1588 ut
1516 1547 1635 1601 prius

26 1629 64 1664 15
81 1623 306 1658 ostensum
341 1624 420 1660 est.
483 1617 676 1672 Oportet
708 1632 812 1672 ergo
839 1617 965 1672 plura
994 1630 1178 1671 corpora
1209 1622 1253 1658 et
1275 1617 1448 1658 diversa
1480 1630 1633 1657 secun-

83 1686 190 1728 dum
231 1687 480 1742 superficies
523 1693 566 1729 et
599 1694 778 1729 naturas
820 1700 914 1728 esse
951 1688 994 1727 in
1027 1687 1111 1728 hoc
1154 1687 1332 1728 mundo.
1408 1685 1523 1728 Item
1560 1685 1634 1726 illa

83 1752 243 1796 fraccio
259 1760 325 1795 est
348 1755 460 1795 inter
476 1754 694 1796 incessum
711 1760 878 1795 rectum
901 1760 943 1794 et
962 1752 1369 1808 perpendicularem
1388 1752 1633 1794 ducendam

83 1838 109 1864 a
139 1823 238 1865 loco
270 1823 513 1872 fraccionis,
547 1830 594 1865 ut
626 1824 863 1876 probatum
896 1830 962 1864 est
994 1823 1127 1876 prius.
1192 1821 1272 1864 Set
1304 1822 1387 1863 hoc
1419 1835 1513 1863 esse
1544 1835 1630 1863 non

83 1899 243 1947 potest,
265 1894 347 1934 nisi
377 1907 535 1947 corpus
568 1893 811 1934 secundum
845 1891 901 1932 sit
927 1891 1102 1932 densius
1134 1891 1290 1944 primo,
1322 1891 1435 1932 sicut
1466 1891 1630 1932 ibidem

23 1975 64 1998 20
84 1968 311 2005 ostensum
354 1970 433 2013 est,
474 1976 608 2015 quare
651 1963 732 2003 erit
775 1961 954 2014 aliquod
998 1974 1157 2015 corpus
1195 1961 1329 2002 rarius
1366 1967 1411 2002 et
1448 1960 1629 2013 aliquod

85 2032 229 2073 minus
251 2046 409 2073 rarum.
473 2030 553 2073 Set
575 2038 757 2086 propter
785 2030 924 2072 solam
953 2030 1251 2071 diversitatem
1283 2030 1475 2084 corporis
1497 2043 1631 2084 penes

81 2101 348 2142 densitatem
380 2100 447 2141 vel
480 2102 666 2142 densum
697 2106 741 2141 et
774 2113 918 2140 rarum
947 2112 1034 2140 non
1062 2106 1128 2140 est
1155 2099 1323 2148 fraccio,
1349 2105 1396 2140 ut
1431 2099 1473 2139 in
1505 2105 1630 2152 parte

81 2170 190 2212 aeris
225 2170 436 2224 superiori
470 2177 515 2211 et
551 2169 756 2218 inferiori,
795 2182 901 2223 ergo
938 2174 1117 2221 oportet
1158 2169 1279 2222 quod
1321 2169 1409 2209 sint
1446 2181 1630 2221 corpora

81 2240 266 2280 diversa.
330 2240 445 2281 Item
479 2239 536 2280 ad
569 2252 745 2279 sensum
778 2238 979 2279 videmus
1013 2245 1181 2279 motum
1218 2244 1384 2279 rectum
1417 2244 1460 2278 et
1492 2238 1629 2278 circu-

23 2325 62 2358 25
80 2308 230 2350 larem.
299 2308 416 2349 Nam
440 2309 641 2349 videmus
665 2309 811 2362 ignem
839 2307 1076 2348 ascendere
1099 2313 1143 2348 et
1171 2312 1333 2347 terram
1363 2307 1629 2347 descendere

34 2368 36 2370 V
82 2383 206 2418 motu
248 2384 382 2426 recto,
421 2384 464 2418 et
505 2377 656 2419 stellas
698 2377 861 2418 moveri
905 2375 1183 2417 circulariter.
1252 2375 1332 2418 Set
1373 2376 1442 2417 isti
1481 2382 1627 2417 motus

79 2453 181 2488 sunt
212 2447 371 2488 diversi
404 2448 447 2488 in
480 2453 634 2488 natura
666 2453 710 2488 et
742 2446 900 2500 specie,
921 2452 1191 2500 quapropter
1216 2453 1259 2487 et
1293 2445 1473 2487 mobilia
1503 2452 1626 2487 motu

81 2523 200 2558 recto
233 2523 278 2558 et
309 2517 506 2559 circulari
539 2523 666 2558 erunt
691 2517 866 2558 diversa
899 2516 943 2556 in
972 2517 1117 2569 specie
1150 2521 1194 2557 et
1221 2523 1389 2566 natura,
1421 2515 1625 2570 precipue

79 2599 179 2626 cum
210 2584 215 2640 Ι
241 2599 328 2627 non
351 2585 492 2627 solum
515 2592 696 2640 propter
714 2585 1221 2639 magnitudinem‚supra
1238 2598 1370 2638 quam
1389 2591 1454 2626 est
1478 2591 1623 2625 motus
1642 2599 1680 2632 91
1703 2601 1720 2621 a
1740 2602 1768 2623 2.

57 2656 146 2698 cvel
188 2657 301 2698 circa
342 2670 476 2710 quam
519 2663 585 2698 est
627 2656 855 2698 diversitas
898 2655 940 2696 in
989 2655 1182 2697 motibus
1224 2656 1534 2708 quantitatum,
1577 2661 1624 2696 ut

127 2802 141 2831 1
170 2791 295 2830 Incipit
312 2814 320 2822 .
343 2813 350 2822 .
367 2814 374 2822 .
398 2791 540 2830 primum
555 2802 622 2822 om.
642 2791 673 2821 O
744 2791 764 2821 8
782 2790 894 2830 aliqui,
909 2794 945 2821 ut
961 2801 1028 2822 om.
1049 2790 1079 2821 Ο
1156 2800 1198 2819 22
1216 2790 1421 2820 densitatem
1439 2789 1494 2820 vel
1512 2800 1576 2821 om.
1597 2789 1628 2819 O

82 2853 123 2883 23
149 2842 233 2883 sint]
251 2843 342 2874 sicut
360 2854 441 2874 corr.
460 2843 490 2873 Ο
565 2854 605 2881 27
632 2849 665 2874 et
682 2843 736 2875 alt.
756 2853 822 2874 0111.
844 2842 875 2872 O
948 2852 990 2881 30
1015 2843 1256 2882 quantitatum,
1276 2841 1327 2882 ut]
1347 2852 1445 2881 quam
1464 2847 1575 2872 tamen
1597 2843 1627 2872 O

838 2905 866 2936 Y
