1945 3079
836 121 919 161 421

113 222 477 276 ecentrico,quod
502 235 677 263 necesse
691 229 757 263 est
772 223 914 275 ipsum
937 222 1262 265 inuniformiter
1285 227 1450 266 moveri
1474 233 1655 280 propter

114 296 362 344 respectum
392 291 448 331 ad
478 292 720 341 zodiacum,
744 304 844 331 cum
869 291 1056 333 arcubus
1080 293 1310 345 equalibus
1340 295 1506 336 zodiaci
1530 310 1654 337 arcus

113 357 337 411 inequales
359 359 561 400 ecentrici
585 358 922 400 subtendantur.
963 358 1036 399 Sic
1060 360 1192 414 igitur
1213 375 1290 415 per
1306 362 1447 403 solum
1472 364 1654 404 ecentri-

112 439 211 467 cum
236 427 477 481 regulantis
499 441 677 468 causam
702 427 744 467 in
769 433 891 468 motu
917 427 1034 469 Solis
1056 430 1311 482 apparentis
1333 431 1588 485 assignavit.

74 562 91 593 5
172 548 454 604 <Capitulum
476 557 545 600 4¹¹¹.
606 550 657 591 de
678 549 874 591 motulam
896 551 1022 592 Lnne
1042 558 1085 592 el
1093 552 1418 606 planetarum.)

171 640 222 680 In
241 640 369 681 Luna
383 646 545 690 autem,
562 647 606 682 et
622 641 717 681 aliis
734 642 928 694 quinque
946 641 1146 695 planetiS,
1164 650 1346 697 propter
1365 644 1652 699 multiplicem

110 709 409 750 diversitatem
439 709 483 749 in
516 710 710 750 motibus
744 723 896 751 eorum
926 716 1224 763 apparentem,
1249 718 1296 752 ut
1320 726 1497 753 causam
1518 728 1653 767 appa-

111 777 252 818 rencie
273 778 455 819 omnino
477 779 717 818 secundum
741 778 1006 831 qualitatum
1030 778 1377 820 uniformitatem
1401 782 1653 834 assignaret,

108 846 393 899 ymaginatus
416 852 482 887 est
511 846 554 886 in
582 847 762 887 orbibus
784 860 935 887 eorum
958 853 1050 887 tam
1074 847 1341 888 ecentricum
1365 863 1497 902 quam
1522 850 1651 903 epici-

52 929 91 950 10
109 914 251 964 clum3
273 915 333 956 ita
347 915 466 968 quod
482 928 640 968 corpus
658 914 836 968 planete
852 922 1054 956 movetur
1083 916 1087 969 Ι
1116 916 1158 956 in
1179 916 1376 968 epiciclo,
1394 924 1438 958 et
1454 923 1651 959 centrum

109 983 279 1038 epicicli
303 984 345 1024 in
369 984 597 1025 ecentrico.

169 1053 220 1093 In
242 1052 346 1093 luna
367 1053 499 1106 igitur
520 1053 763 1095 ecentricus
793 1053 985 1095 declinat
1012 1067 1184 1107 semper
1215 1067 1241 1094 a
1273 1055 1449 1109 cingulo
1483 1056 1651 1098 zodiaci

107 1122 163 1162 ad
185 1122 546 1174 septentrionem,
563 1135 713 1164 secans
735 1123 878 1176 ipsum
901 1137 981 1176 per
997 1124 1085 1164 duo
1103 1123 1249 1164 media
1266 1138 1275 1175 ;
1308 1131 1351 1165 et
1366 1131 1432 1165 est
1446 1125 1651 1178 epiciclus

106 1203 280 1243 semper
310 1191 353 1230 in
384 1190 612 1243 superficie
641 1192 858 1240 ecentrici,
892 1205 1115 1245 nunquam
1148 1192 1206 1233 ab
1236 1206 1286 1233 ea
1320 1193 1573 1244 declinans3
1607 1200 1650 1235 et

49 1275 86 1308 15
107 1266 308 1300 movetur
329 1260 567 1300 ecentricus
595 1266 716 1301 totus
738 1261 851 1301 circa
881 1267 1079 1301 centrum
1111 1261 1262 1301 mundi
1293 1261 1569 1303 uniformiter
1593 1264 1650 1304 ab

106 1328 275 1369 oriente
297 1329 339 1368 in
357 1329 644 1379 occidentem,
662 1330 722 1369 ita
744 1330 864 1382 quod
881 1329 1030 1370 omnia
1051 1335 1214 1383 puncta
1236 1330 1278 1370 in
1295 1331 1650 1372 circumferencia

106 1396 210 1449 ejus,
233 1404 276 1438 et
299 1397 438 1438 eciam
462 1397 554 1450 ejus
578 1403 787 1446 centrum,
806 1398 1013 1439 describit
1029 1398 1213 1439 circulos
1236 1399 1292 1439 ad
1315 1399 1500 1440 invicem
1525 1413 1650 1452 para-

105 1465 240 1515 lenos,
263 1479 451 1518 quorum
475 1467 669 1507 omnium
694 1474 891 1507 centrum
915 1473 982 1507 est
1004 1473 1203 1507 centrum
1229 1468 1394 1507 mundi.

164 1534 372 1576 Movetur
393 1535 530 1575 eciam
554 1540 751 1575 centrum
776 1534 945 1587 epicicli
969 1535 1011 1575 in
1033 1535 1191 1576 eodem
1215 1536 1434 1579 ecentrico
1458 1538 1514 1577 ab
1538 1539 1649 1578 occi-

47 1621 87 1642 20
105 1603 239 1645 dente
264 1604 320 1644 ad
344 1603 558 1645 orientem
579 1603 864 1653 uniformiter,
883 1610 1085 1657 respectu
1108 1605 1246 1645 centri
1270 1605 1423 1651 mundi
1446 1606 1648 1647 ecentrici

81 1683 84 1686 ·
104 1672 434 1722 inuniformiter‚
472 1672 616 1712 adhuc
646 1673 732 1713 due
760 1673 982 1713 secciones
1020 1672 1284 1727 <e>⁴centrici
1322 1679 1365 1715 et
1401 1675 1565 1723 zodiaci
1604 1676 1646 1715 in

104 1743 298 1794 quodam
321 1741 484 1782 circulo
511 1741 728 1782 ecentrico
751 1742 970 1781 existente
992 1742 1035 1781 in
1049 1741 1277 1795 superficie
1304 1743 1479 1793 zodiaci,
1498 1750 1540 1785 et
1562 1744 1647 1786 hoc

103 1824 238 1865 parvo
263 1816 398 1861 motu,
420 1811 476 1851 ab
499 1810 668 1850 oriente
690 1810 733 1850 in
756 1810 1044 1851 occidentem.

164 1880 223 1920 Et
245 1880 641 1933 proporcionantur
658 1879 719 1919 ita
741 1879 810 1920 isti
828 1886 915 1920 tres
933 1885 1080 1919 motus
1097 1892 1196 1920 cum
1220 1886 1341 1921 motu
1358 1880 1496 1921 eciam
1517 1881 1645 1932 Solis,

44 1965 83 1997 25
101 1949 220 2004 quod
246 1947 334 1999 Sol,
353 1949 592 1989 secundum
612 1948 807 1989 medium
825 1948 919 2002 ejus
943 1955 1127 1999 motum,
1150 1963 1323 2002 semper
1343 1955 1409 1990 est
1432 1950 1475 1990 in
1499 1951 1645 1992 medio

101 2018 214 2058 inter
247 2017 441 2058 medium
465 2016 612 2057 locum
644 2017 769 2058 Lune
801 2023 844 2058 et
876 2023 1088 2071 punctum
1112 2018 1314 2059 ecentrici
1343 2019 1417 2071 qui
1447 2020 1644 2061 maxime

102 2087 336 2141 elongatur
357 2100 382 2126 a
404 2092 554 2127 centro
584 2086 750 2134 mundi,
774 2092 817 2127 et
839 2085 1088 2140 appellatur
1109 2086 1340 2140 longitudo
1369 2087 1554 2141 longior,
1575 2088 1642 2129 vel

102 2169 193 2197 aux
216 2156 350 2197 centri
375 2155 513 2196 Lune.

161 2225 310 2266 Preter
343 2225 486 2265 dictos
519 2230 669 2265 autem
705 2230 862 2274 motus,
896 2225 1040 2267 adhuc
1072 2225 1357 2280 ymaginatus
1379 2231 1444 2266 est
1467 2226 1641 2267 Lunam

42 2311 83 2343 30
102 2294 266 2335 moveri
285 2295 326 2334 in
342 2293 525 2348 epiciclo
541 2310 550 2344 3
588 2294 630 2334 in
650 2302 774 2347 parte
795 2295 1019 2347 superiore
1036 2293 1092 2336 ab
1107 2294 1272 2335 oriente
1295 2295 1337 2335 in
1355 2296 1641 2346 occidentem,

101 2364 144 2404 in
168 2363 358 2403 inferiori
380 2377 404 2403 e
426 2364 657 2404 contrario.
722 2363 800 2404 Hii
822 2369 923 2405 sunt
953 2365 1087 2418 igitur
1107 2370 1195 2404 tres
1216 2364 1375 2412 circuli,
1397 2364 1464 2405 vel
1488 2365 1641 2405 melius

99 2433 189 2474 duo
217 2438 404 2482 tantum,
438 2438 482 2473 et
515 2439 662 2473 motus
698 2439 888 2486 quatuor
923 2433 1194 2487 appropriati
1229 2433 1368 2482 Lune,
1399 2434 1640 2475 secundum

102 2501 426 2552 Ptholomeum,
448 2501 504 2541 ad
525 2500 784 2542 salvandum
808 2503 1118 2556 apparenciam
1142 2503 1184 2543 in
1207 2503 1314 2555 ipsa.

122 2583 125 2586 ⁴
160 2571 211 2611 In
245 2570 451 2621 Saturno,
475 2571 586 2623 Jove
618 2577 661 2612 et
685 2571 832 2612 Marte
854 2573 1138 2625 ymaginatus
1169 2578 1234 2613 est
1261 2572 1373 2613 duos
1401 2573 1641 2613 ecentricos

39 2658 79 2690 35
99 2653 197 2682 cum
230 2640 442 2694 epiciclo;
474 2641 548 2692 qui
581 2641 669 2681 duo
701 2641 905 2682 ecentrici
936 2648 1038 2686 sunt
1063 2641 1106 2681 in
1135 2653 1222 2681 una
1244 2640 1486 2694 superficie,
1507 2641 1640 2682 decli-

97 2715 229 2751 nante
251 2722 426 2762 semper
448 2722 473 2748 a
501 2708 677 2763 cingulo
707 2709 890 2760 zodiaci,
917 2716 1116 2750 secantes
1139 2709 1282 2762 ipsum
1306 2711 1348 2750 in
1370 2710 1460 2751 duo
1483 2711 1639 2752 media.

99 2778 159 2820 Et
181 2779 223 2819 in
246 2792 333 2820 uno
355 2791 530 2831 quoque
554 2778 736 2819 istorum
760 2785 961 2820 movetur
977 2786 1177 2820 centrum
1201 2778 1371 2831 epicicli
1394 2779 1450 2820 ab
1471 2779 1639 2821 oriente

1674 935 1732 958 122
1751 926 1774 957 b
1793 937 1821 958 2.
