1945 3079
838 143 922 185 419

111 261 244 301 quam
271 247 504 301 conjuncte
526 245 683 287 fuerint
707 258 806 288 cum
830 245 966 286 stellis
990 244 1090 285 fixis
1114 259 1199 287 non
1224 245 1496 287 mutantibus
1520 245 1651 287 situm

111 316 353 357 secundum
381 321 628 368 aspectum,
651 315 707 354 ab
736 314 901 355 eisdem
924 315 979 355 ad
1014 316 1229 355 orientem
1262 316 1468 369 separari,
1499 321 1542 356 et
1571 314 1654 356 hoc

112 399 199 427 non
231 385 474 426 secundum
505 396 653 425 arcum
680 383 827 425 circuli
857 384 1176 437 equedistantis
1200 384 1494 438 equenocciali
1518 384 1654 424 immo

112 454 381 496 declinantis.

75 541 93 572 5
173 522 221 564 Si
258 528 407 563 autem
448 528 561 563 esset
602 521 828 575 separacio
870 524 1110 564 secundum
1153 537 1302 565 arcum
1340 523 1486 565 circuli
1524 537 1654 577 eque-

112 592 328 641 distantis‚
354 591 459 631 dicit
490 589 495 645 Ι
523 590 808 632 Ptholomeus
825 592 943 645 quod
966 591 1182 634 sufficeret
1208 599 1311 634 tunc
1334 606 1495 646 ponere
1517 605 1653 633 unum

114 667 286 702 motum
328 660 370 700 in
412 659 618 701 omnibus
660 661 916 713 corporibus
955 661 1202 713 celestibus,
1244 661 1408 703 scilicet
1450 661 1505 702 ad
1544 661 1656 702 occi-

113 730 318 778 dentem3
366 728 425 769 ita
455 728 573 781 quod
609 727 684 768 illa
715 729 939 782 separacio
970 730 1027 771 ad
1065 731 1278 771 orientem
1314 743 1403 771 non
1436 735 1548 770 esset
1581 742 1657 782 per

114 803 286 839 motum
309 796 595 851 planetarum,
619 797 699 837 nisi
729 799 969 839 secundum
993 797 1324 839 estimacionem
1344 813 1352 849 3
1387 799 1522 839 immo
1544 805 1656 838 esset

57 886 96 909 10
115 881 192 921 per
229 865 440 919 majorem
471 864 753 907 velocitatem
792 873 936 908 motus
967 867 1192 908 stellarum
1227 866 1444 915 fixarum3
1482 873 1525 908 et
1554 873 1658 907 tunc

115 937 330 978 diceretur
360 948 485 976 arcus
516 936 808 989 separacionis
841 937 1018 990 proprie
1050 937 1298 978 incurvacio
1330 936 1515 990 planete.
1579 934 1657 977 Set

115 1011 296 1059 propter
317 1003 401 1045 hoc
423 1004 542 1058 quod
566 1018 665 1045 cum
684 1005 965 1058 separacione
987 1006 1043 1047 ad
1066 1005 1278 1046 orientem
1296 1005 1496 1046 videmus
1519 1004 1656 1046 eciam

114 1088 188 1116 eas
218 1073 382 1115 habere
415 1079 584 1114 motum
618 1074 674 1114 ad
712 1075 1056 1128 septentrionem
1090 1081 1134 1115 et
1172 1075 1400 1116 meridiem
1439 1089 1464 1115 a
1501 1074 1659 1116 circulo

115 1142 415 1196 equinocciali,
445 1143 634 1183 affirmat
666 1142 940 1184 Tholomeus
972 1144 1091 1196 quod
1135 1143 1234 1184 talis
1266 1143 1492 1197 separacio
1529 1142 1661 1184 fuerit

61 1230 96 1262 ¹5
115 1217 297 1266 propter
318 1212 402 1253 hoc
431 1212 550 1265 quod
575 1225 728 1252 omnes
750 1211 925 1266 planete
957 1213 1151 1254 habeant
1174 1219 1343 1254 motum
1366 1213 1421 1253 ad
1445 1213 1660 1253 orientem

115 1294 246 1335 super
266 1280 475 1322 circulum
499 1280 794 1322 declinantem
818 1294 843 1322 a
865 1281 1025 1321 circulo
1049 1281 1345 1334 equinocciali.

177 1349 237 1390 Et
260 1348 532 1390 consimilem
555 1348 694 1389 eciam
721 1355 890 1390 motum
913 1350 1036 1404 ponit
1058 1350 1100 1390 in
1123 1349 1259 1390 stellis
1282 1349 1383 1390 fixis
1400 1350 1662 1391 continuum

118 1419 207 1472 qui,
229 1418 430 1471 quamvis
462 1418 506 1457 in
538 1417 714 1458 modico
746 1423 945 1472 tempore
975 1418 1318 1472 imperceptibilis
1348 1418 1490 1468 fuerit,
1514 1425 1662 1459 tamen

119 1488 162 1528 in
185 1487 361 1541 prolixo
383 1486 700 1540 experimentis
722 1486 1131 1528 instrumentalibus
1154 1487 1468 1528 manifestatur.

59 1578 100 1600 20
178 1557 239 1597 Et
261 1570 361 1597 cum
384 1555 630 1597 assercione
647 1556 843 1597 omnium
864 1555 1276 1610 philosophancium
1293 1562 1337 1598 et
1355 1557 1398 1597 in
1421 1556 1664 1598 racionibus

0 1613 4 1616 ⁵
95 1625 425 1680 ¹verisimilibus
450 1638 502 1666 ac
529 1625 781 1666 necessariis
812 1631 965 1679 pateat
991 1639 1168 1668 omnem
1196 1634 1367 1668 motum
1390 1627 1433 1666 in
1456 1626 1549 1668 celo
1571 1640 1666 1667 esse

120 1694 374 1737 circularem
413 1693 672 1736 continuum
715 1701 757 1736 et
809 1694 1067 1748 regularem,
1106 1702 1150 1737 et
1201 1702 1347 1736 motus
1389 1696 1664 1748 planetarum

120 1769 361 1820 appareant
395 1769 524 1804 extra
556 1763 898 1805 circularitatem
936 1764 1201 1805 discontinui
1234 1771 1278 1806 et
1316 1764 1586 1818 irregulares,
1618 1771 1666 1805 ut

125 1833 391 1889 apparencia
409 1833 573 1874 racioni
592 1846 679 1874 non
696 1833 980 1882 contradicat,
995 1835 1278 1887 ymaginatus
1297 1840 1362 1875 est
1381 1834 1667 1875 Ptholomeus

61 1925 103 1958 25v
123 1903 324 1958 planetas
346 1902 592 1943 describere
615 1901 799 1943 circulos
817 1915 1005 1955 quorum
1029 1908 1177 1943 centra
1199 1909 1300 1944 sunt
1323 1909 1449 1945 extra
1466 1909 1664 1945 centrum

121 1973 290 2021 mundi,
312 1971 387 2025 qui
411 1972 616 2012 dicuntur
643 1971 857 2020 ecentrici,
893 1978 937 2013 et
959 1971 1164 2026 epiciclos
1185 1986 1371 2026 quorum
1393 1979 1542 2014 centra
1563 1978 1666 2014 sunt

122 2043 166 2082 in
189 2041 292 2095 ipsis
314 2040 552 2082 ecentricis.
1421 2041 1424 2043 ’

183 2111 304 2152 Pone
335 2111 467 2164 igitur
499 2109 725 2162 planetam
756 2110 825 2150 vel
857 2116 1052 2151 centrum
1086 2110 1268 2164 epicicli‚
1293 2111 1335 2152 in
1365 2124 1453 2164 quo
1482 2111 1667 2166 epiciclo

123 2179 279 2221 existit
308 2179 498 2233 planeta,
521 2178 766 2220 describere
789 2179 1056 2220 ecentricum
1090 2179 1359 2221 circulariter
1380 2181 1588 2222 continue
1622 2187 1667 2222 et

62 2270 104 2302 30
123 2248 418 2302 irregulariter
439 2264 450 2298 ;
500 2255 543 2289 et
585 2248 810 2302 planetam
857 2248 997 2290 eciam
1040 2249 1199 2290 eodem
1244 2249 1379 2291 modo
1421 2250 1667 2292 describere

123 2318 390 2372 epiciclum;
440 2324 484 2359 et
526 2318 588 2358 ita
631 2331 809 2359 omnem
849 2324 1020 2358 motum
1062 2318 1341 2372 planetarum
1383 2319 1525 2360 dictas
1567 2332 1669 2374 pro-

123 2388 332 2442 prietates
364 2387 638 2441 participare.

184 2455 408 2510 Quoniam
441 2461 645 2510 aspectus
674 2454 679 2510 Ι
707 2462 855 2497 noster
886 2469 974 2497 non
1005 2456 1100 2498 exit
1131 2470 1157 2497 a
1187 2457 1345 2499 centris
1374 2457 1669 2513 epiciclorum,

124 2539 204 2581 nec
236 2526 373 2566 eciam
399 2526 730 2574 ecentricorum‚
754 2525 815 2567 ita
843 2526 964 2579 quod
995 2526 1052 2567 ad
1083 2527 1201 2580 ipsos
1230 2527 1341 2568 sicut
1362 2528 1418 2568 ad
1443 2527 1668 2581 objectum

65 2612 105 2645 35
125 2594 396 2647 terminetur,
428 2594 565 2635 immo
597 2594 692 2635 exit
723 2595 845 2648 quasi
878 2609 903 2635 a
936 2595 1082 2636 medio
1112 2595 1192 2636 celi
1216 2596 1357 2637 ultimi
1381 2602 1424 2637 et
1447 2597 1502 2638 ad
1525 2597 1668 2649 ipsum

126 2661 286 2712 finitur,
330 2663 372 2704 in
414 2664 751 2716 comparacione
800 2664 855 2704 ad
900 2664 1090 2704 eundem
1132 2664 1266 2705 situm
1308 2664 1583 2718 planetarum
1626 2672 1670 2707 et

133 2733 373 2774 eorundem
418 2738 565 2774 motus
611 2732 869 2786 dijudicans,
910 2746 1087 2774 necesse
1123 2739 1204 2785 est,
1245 2747 1345 2774 cum
1395 2734 1671 2776 uniformiter

129 2807 393 2842 moveantur
409 2801 451 2842 in
468 2802 556 2842 suis
574 2801 798 2843 ecentricis
816 2815 891 2842 seu
915 2801 1117 2855 epiciclis,
1132 2807 1180 2843 ut
1198 2802 1470 2844 uniformiter
1492 2817 1670 2845 movere

842 2879 869 2910 F
893 2869 914 2910 f
930 2882 953 2912 2

1675 602 1734 625 122
1752 604 1770 625 a
1792 601 1820 625 1.

1690 2470 1750 2492 122
1771 2471 1791 2493 a
1809 2470 1839 2492 2.
