1945 3079
120 1445 220 1477 O.12
238 1445 271 1477 b.

365 351 584 424 lnczpz't
619 351 871 406 secunda
908 355 1059 424 pars
1101 351 1244 405 libri
1287 351 1355 404 de
1399 351 1694 405 celestibus
1739 350 1839 415 <de

268 451 501 522 figuris
527 449 635 504 celi
658 454 714 505 et
739 450 953 505 mnndi
976 450 1191 503 habens
1218 450 1476 522 capitula
1505 451 1806 532 quinque).

377 579 631 635 Capitulum
643 581 844 634 primum
871 579 948 629 <de
959 577 1234 632 figuracz'one
1253 585 1478 631 corporum
1501 577 1702 634 mundi).

351 672 520 714 Habito
543 672 664 726 quod
687 677 864 726 oportet
888 684 1052 724 ponere
1073 670 1270 724 quinque
1291 683 1478 723 corpora
1501 669 1545 709 in
1567 668 1651 710 hoc
1674 669 1844 711 mundo

290 742 534 784 secundum
565 748 787 791 naturam,
812 754 1044 795 possemus
1073 740 1142 781 hic
1167 740 1220 780 de
1246 739 1331 780 isto
1357 739 1513 793 quinto
1535 752 1719 793 corpore
1741 753 1845 781 con·
1864 757 1882 790 5

289 813 481 853 siderare
502 825 557 852 an
581 812 637 852 sit
658 825 792 852 unum
818 811 860 851 in
883 824 929 851 se
950 810 1020 851 vel
1042 823 1130 850 non
1150 824 1160 859 3
1192 815 1259 851 set
1281 822 1369 849 non
1387 814 1564 863 oportet
1585 808 1668 850 hic.
1724 809 1843 850 Nam

290 888 467 936 oportet
501 882 609 923 scire
643 882 762 936 quod
800 879 1005 935 proprius
1042 879 1163 920 locus
1200 879 1238 920 ei
1272 878 1315 918 in
1351 878 1570 932 posterius
1603 885 1670 920 est
1702 878 1845 932 magis

289 953 503 1005 ydoneus,
527 951 715 1004 ideoque
746 964 927 1004 queram
958 951 1014 991 de
1047 948 1316 1004 figuracione
1344 947 1502 989 horum
1532 962 1766 1002 corporum
1799 954 1844 990 et

288 1022 344 1062 de
371 1020 542 1061 finitate
571 1025 614 1060 et
645 1020 816 1060 unitate
847 1019 986 1060 unius.
1049 1019 1169 1059 Nam
1189 1017 1468 1071 suppositum
1493 1023 1558 1059 est
1580 1018 1701 1071 prius
1724 1018 1844 1071 quod

289 1089 470 1143 aliquod
501 1102 660 1142 corpus
693 1095 759 1129 est
791 1088 847 1129 de
879 1088 976 1138 hiis,
1007 1094 1072 1129 est
1104 1087 1394 1128 rotundarum
1427 1086 1770 1144 dimensionum,
1801 1092 1845 1128 et
1867 1104 1908 1127 10

291 1159 470 1212 aliquod
510 1164 742 1199 rectarum.
806 1157 1040 1212 Optimum
1073 1157 1207 1212 igitur
1236 1162 1303 1198 est
1335 1155 1578 1198 certificare
1605 1157 1661 1198 de
1689 1157 1845 1198 hiis'et

292 1242 435 1270 sermo
458 1227 634 1282 longius
656 1228 800 1270 currit.
864 1228 983 1268 Nam
1004 1226 1219 1268 Platonici
1242 1231 1346 1266 ante
1368 1225 1662 1268 Aristotelem
1685 1226 1845 1281 figura-

290 1303 447 1339 verunt
461 1297 540 1338 hec
556 1311 743 1350 corpora
759 1297 912 1338 mundi
924 1297 1119 1350 quinque
1134 1309 1213 1350 per
1226 1295 1421 1349 quinque
1436 1293 1598 1348 figuras
1614 1295 1846 1349 regulares,

291 1367 347 1407 de
379 1366 538 1420 quibus
563 1365 769 1407 Euclides
800 1372 844 1406 et
872 1364 945 1406 alii
974 1364 1270 1406 determinant
1302 1364 1345 1404 in
1374 1363 1676 1416 Geometricis,
1699 1365 1844 1420 cujus-

294 1436 416 1477 modi
445 1434 448 1489 Ι
478 1435 615 1489 figure
637 1435 887 1489 corporales
904 1441 1005 1476 sunt
1028 1434 1354 1484 duodecedron‚
1373 1434 1493 1486 quod
1516 1441 1583 1476 est
1605 1448 1766 1488 corpus
1787 1449 1846 1476 ex
1870 1454 1908 1486 15
1931 1478 1940 1484 x

293 1505 530 1547 duodecim
546 1505 726 1546 basibus
744 1503 1127 1558 pentagonalibus,
1145 1510 1188 1544 et
1207 1504 1468 1554 exacedron,
1485 1504 1604 1556 quod
1625 1511 1690 1546 est
1707 1505 1846 1546 cubus

294 1590 351 1616 ex
370 1589 450 1616 sex
467 1575 646 1617 basibus
663 1575 905 1628 quadratis,
923 1581 968 1616 et
985 1574 1249 1628 ycocedron,
1267 1573 1387 1626 quod
1406 1579 1474 1615 est
1495 1573 1650 1628 viginti
1672 1574 1845 1615 basium

294 1645 645 1699 triangularium,
674 1651 719 1686 et
753 1645 1032 1692 octocedron‚
1059 1644 1180 1697 quod
1210 1648 1275 1684 est
1311 1648 1412 1684 octo
1446 1643 1616 1684 basium
1650 1643 1847 1699 triangu-

296 1714 521 1765 larium,et
539 1714 962 1768 tetracedron‚quod
980 1719 1045 1754 est
1063 1712 1244 1766 piramis
1262 1718 1453 1765 quatuor
1467 1711 1639 1754 basium
1653 1713 1847 1768 triangu-

296 1783 466 1824 larium.
516 1783 575 1824 Et
593 1782 867 1825 manifestavi
886 1797 1016 1836 super
1030 1783 1313 1824 undecimum
1331 1781 1493 1823 librum
1512 1781 1848 1824 Elementorum
1871 1800 1912 1822 20

298 1853 507 1903 Euclidis,
530 1854 649 1906 quod
673 1866 760 1893 non
785 1853 866 1893 nisi
890 1853 1086 1907 quinque
1109 1851 1247 1906 figure
1270 1851 1518 1905 corporales
1540 1859 1728 1907 possunt
1754 1867 1849 1894 esse

297 1922 531 1976 regulares,
558 1922 678 1975 quod
711 1929 778 1963 est
810 1923 1039 1976 quoddam
1066 1928 1222 1963 nature
1256 1921 1528 1962 miraculum.
1591 1921 1697 1964 Tria
1729 1922 1847 1964 enim

296 1998 399 2032 sunt
425 2005 481 2032 ex
510 1991 824 2044 superficiebus
854 1991 1205 2046 triangularibus,
1229 1997 1272 2032 et
1295 1997 1502 2044 quartum
1525 2006 1583 2033 ex
1610 1992 1850 2045 quadratis,

298 2068 341 2102 et
363 2062 569 2114 quintum
587 2075 644 2101 ex
664 2061 971 2115 penthagonis.
1017 2061 1076 2102 Et
1099 2061 1375 2115 impossibile
1390 2067 1456 2102 est
1474 2061 1602 2115 plura
1620 2075 1677 2102 ex
1700 2061 1850 2115 hujus-

146 2149 189 2181 99
206 2150 225 2171 a
247 2148 275 2170 2.
300 2131 421 2172 modi
443 2130 756 2183 superficiebus
780 2144 874 2171 esse
902 2129 908 2185 1
936 2144 1015 2171 nec
1029 2130 1210 2183 aliquod
1229 2144 1286 2170 ex
1301 2128 1617 2184 superficiebus
1632 2131 1850 2184 exagonis
1871 2145 1910 2178 25

298 2207 342 2241 et
364 2200 610 2254 eptagonis,
633 2200 743 2241 sicut
772 2200 1127 2241 manifestissime
1144 2200 1472 2240 demonstratur
1493 2213 1572 2253 per
1592 2205 1696 2254 32202
1717 2200 1847 2254 primi

297 2269 627 2310 Elementorum
647 2268 859 2319 Euclidis‚
877 2275 921 2310 et
943 2283 1021 2322 per
1042 2268 1353 2328 diffinicionem
1371 2258 1521 2321 anguli
1543 2268 1684 2320 solidi,
1707 2275 1750 2310 et
1773 2283 1851 2323 per

297 2338 547 2379 vicesimam
571 2338 760 2391 primam
791 2337 1008 2378 undecimi
1035 2336 1144 2388 libri,
1166 2338 1278 2379 sicut
1308 2338 1350 2378 in
1377 2337 1572 2391 capitulo
1593 2337 1849 2392 hujusmodi

346 2461 407 2490 1—3
432 2461 496 2481 om.
517 2450 547 2481 O
681 2461 700 2489 4
725 2450 870 2491 mundo]
891 2451 1017 2481 mundo
1035 2451 1172 2482 diversa
1192 2450 1223 2481 O
1360 2461 1376 2489 7
1400 2451 1491 2491 quod
1509 2451 1671 2491 proprius
1687 2450 1783 2483 locus
1799 2450 1848 2492 ei]

298 2503 470 2544 quoddam
487 2502 581 2542 prius
597 2502 691 2533 locus
710 2503 801 2533 enim
821 2502 851 2533 O
1013 2503 1033 2533 8
1057 2502 1216 2543 queram]
1234 2502 1457 2533 continuetur
1473 2503 1642 2543 scriptura
1658 2505 1849 2535 secundum

298 2555 593 2586 continuacionem
613 2554 803 2585 litterarum
824 2553 854 2584 O
931 2553 1071 2595 horum]
1090 2554 1200 2594 primo
1217 2564 1335 2585 eorum
1357 2553 1387 2584 O
1501 2564 1522 2594 9
1546 2554 1663 2596 unius]
1681 2559 1715 2586 et
1733 2556 1850 2596 hujus-

298 2607 386 2638 modi
402 2606 432 2637 O
579 2616 681 2637 10—11
709 2611 761 2636 est
778 2606 1001 2637 rotundarum
1021 2631 1026 2636 .
1047 2630 1054 2637 .
1073 2632 1079 2638 .
1098 2606 1162 2638 hiis
1179 2616 1244 2637 om.
1260 2606 1299 2636 M
1446 2616 1484 2645 15
1510 2607 1705 2647 corporales
1721 2618 1790 2639 om.
1810 2607 1853 2639 M

300 2660 340 2689 16
364 2663 417 2690 est
435 2658 556 2698 cubus]
575 2658 670 2688 cubis
686 2657 728 2688 M
872 2668 909 2697 17
935 2657 996 2698 ex]
1014 2663 1047 2689 et
1065 2657 1105 2688 M
1247 2668 1290 2689 20
1314 2657 1374 2698 Et]
1395 2657 1436 2689 Et
1449 2658 1516 2697 jam
1537 2658 1568 2689 Ο
1709 2669 1748 2690 21
1775 2669 1849 2691 cor-

298 2710 436 2750 porales
450 2720 516 2741 om.
530 2709 573 2739 M
659 2718 699 2749 25
717 2709 966 2749 superficiebus
985 2735 991 2742 .
1008 2733 1015 2741 .
1039 2734 1045 2741 .
1067 2720 1110 2740 ex
1125 2719 1190 2740 om.
1208 2709 1239 2740 O
1323 2711 1366 2740 26
1383 2709 1580 2751 eptagonis]
1601 2711 1804 2752 pentagonis
1818 2709 1849 2741 Ο

299 2761 568 2803 demonstratur]
588 2761 818 2792 demonstravi
838 2760 879 2790 M
