1945 3079
820 121 903 163 413

24 239 27 242 ·
86 218 286 270 eundern,
308 223 355 260 ut
377 219 490 260 circa
512 225 721 270 centrum,
743 227 810 263 set
832 235 917 262 non
948 228 1014 263 est
1037 229 1139 265 nata
1163 225 1326 266 moveri
1349 226 1404 268 de
1426 227 1522 269 loco
1543 226 1546 284 Ι
1569 228 1624 269 ad
1650 243 1709 266 120
1726 245 1744 266 a
1765 243 1791 265 1.

84 288 229 328 locum
267 288 322 328 de
364 301 422 339 se,
464 293 507 328 et
544 289 643 329 ideo
679 303 778 330 cum
814 290 939 332 stella
976 305 1063 332 non
1097 299 1243 346 potest
1275 295 1331 336 de
1365 310 1411 337 se
1448 298 1626 352 moveri,

85 361 128 396 et
142 370 220 410 per
232 369 278 397 se
295 357 504 410 competit
519 358 555 397 ei
572 357 710 411 figura
725 359 905 412 sperica.
957 361 1017 402 Et
1032 360 1115 402 hoc
1132 364 1323 404 ostendit
1338 379 1414 418 per
1429 365 1625 417 Lunam;

84 438 185 466 nam
217 424 426 478 figuracio
451 426 515 467 sui
545 426 719 468 luminis
742 441 826 469 non
850 435 998 482 potest
1019 430 1080 471 sic
1101 431 1257 472 variari
1280 433 1360 473 nisi
1393 434 1487 488 ipsa
1510 443 1625 477 esset

48 494 251 547 5sperice
273 493 421 548 figure,
444 496 546 549 quia
579 496 613 536 si
646 496 777 550 plana
809 497 948 551 figura
980 499 1195 541 obiciatur
1228 500 1321 543 Soli
1354 502 1533 555 planum
1558 512 1625 547 est

84 562 204 616 quod
235 576 322 604 non
346 562 394 604 fit
416 564 517 605 talis
539 564 730 606 variacio
752 567 930 619 quando
955 566 1033 608 Sol
1055 569 1233 622 attingit
1262 577 1410 623 partes
1435 573 1624 615 diversas

83 631 214 686 plani,
237 645 317 674 nec
338 633 538 675 similiter
561 634 603 674 in
626 634 773 687 aliqua
804 633 1040 688 figurarum
1070 636 1192 678 fieret
1219 639 1299 680 hec
1324 641 1522 692 varietas,
1546 655 1625 684 nec

83 701 338 755 piramidali‚
360 715 437 743 nec
459 701 741 756 columpnari‚
757 710 804 744 ut
822 705 929 745 dicit
945 704 1188 759 Averroys,
1211 713 1254 747 et
1272 709 1454 760 quilibet
1477 717 1626 764 potest

83 770 271 824 experiri
305 771 362 812 ad
399 770 537 811 solem
575 771 642 811 vel
677 772 920 813 candelam,
982 773 1060 814 Set
1088 788 1175 828 qua
1209 777 1380 818 racione
1413 779 1540 819 Luna
1571 780 1626 821 sit

26 859 67 883 10
83 840 252 894 sperice
274 839 424 893 figure,
446 845 490 880 et
511 839 706 892 quelibet
727 840 911 881 aliarum
930 842 1169 892 stellarum,
1187 845 1290 897 quia
1313 845 1452 899 figura
1473 861 1624 888 conse-

83 909 231 962 quitur
270 909 326 950 ad
374 915 577 950 naturam
618 909 869 963 generalem
911 911 1116 953 omnibus
1157 912 1306 955 stellis.
1382 915 1495 956 Item
1548 931 1625 970 per

85 976 282 1030 eclipsim
306 976 423 1019 Solis
453 977 613 1030 probat
643 978 727 1019 hoc
754 978 872 1019 idem
895 979 1066 1022 dicens:
1101 982 1213 1035 ‘jam
1237 983 1625 1027 determinavimus

83 1049 127 1088 in
149 1046 408 1101 Astrologia
439 1053 587 1088 nostra
619 1047 738 1100 quod
770 1048 805 1088 si
839 1047 918 1089 Sol
955 1062 1040 1090 non
1073 1057 1186 1091 esset
1221 1052 1413 1105 spericus
1450 1053 1624 1108 eclipsis

84 1129 169 1157 non
192 1123 306 1158 esset
327 1113 572 1157 circularis?
635 1116 697 1157 Et
715 1116 821 1157 dicit
850 1117 1078 1171 Averroys
1099 1121 1219 1172 quod
1243 1121 1365 1162 ‘cum
1388 1122 1474 1163 due
1498 1137 1623 1177 spere

26 1201 64 1235 15
81 1191 230 1227 secent
251 1198 298 1226 se
319 1186 459 1226 seccio
480 1185 725 1226 communis
746 1185 917 1226 duabus
939 1187 1075 1239 speris
1099 1189 1179 1229 erit
1200 1189 1430 1240 circularis,
1457 1197 1501 1232 et
1523 1192 1624 1232 ideo

83 1254 225 1309 figura
248 1253 473 1295 luminaris
493 1253 610 1295 Solis
633 1254 711 1296 erit
728 1260 938 1296 contenta
962 1270 1018 1296 ex
1041 1256 1216 1298 duobus
1234 1259 1418 1310 circulis,
1436 1274 1622 1314 quorum

83 1335 194 1364 unus
216 1329 281 1364 est
313 1323 455 1364 seccio
477 1323 723 1364 communis
756 1324 912 1365 duabis
940 1325 1089 1378 speris,
1114 1332 1157 1366 et
1189 1328 1409 1369 secundus
1437 1329 1623 1370 circulus

83 1393 157 1446 qui
180 1398 246 1434 est
269 1392 312 1433 in
333 1405 533 1434 convexo
555 1404 684 1446 spere
700 1391 722 1432 ’.

141 1462 202 1502 Et
223 1461 257 1502 si
280 1461 451 1502 dicatur
479 1461 599 1514 quod
621 1461 690 1501 hic
718 1463 983 1516 supponitur
1006 1463 1134 1505 Luna
1163 1477 1258 1505 esse
1283 1466 1450 1519 sperice
1475 1466 1624 1520 figure,

24 1551 65 1574 20
78 1531 171 1586 jam
205 1536 329 1584 patet
362 1530 480 1584 quod
517 1530 842 1572 demonstracio
878 1532 934 1573 de
970 1532 1099 1573 Luna
1135 1535 1355 1586 precessit,
1391 1541 1435 1576 et
1475 1542 1624 1577 tamen

80 1600 225 1655 posito
258 1599 376 1653 quod
408 1598 588 1652 aliquod
622 1598 801 1652 planum
836 1607 1001 1642 secaret
1037 1602 1091 1642 ad
1125 1600 1289 1653 Solem,
1325 1604 1468 1645 adhuc
1501 1617 1622 1645 com-

83 1667 226 1710 munis
247 1668 389 1709 seccio
413 1674 527 1708 esset
548 1668 903 1710 circumferencia
925 1670 1086 1720 circuli,
1111 1677 1159 1712 ut
1187 1677 1312 1724 patet
1334 1685 1412 1725 per
1434 1673 1622 1726 primam

81 1738 211 1793 primi
233 1736 489 1787 Theodosii,
503 1742 547 1777 et
568 1735 652 1777 hoc
671 1743 736 1778 est
758 1744 939 1790 propter
955 1739 1177 1780 racionem
1199 1753 1325 1792 spere
1346 1748 1467 1782 secte
1485 1756 1494 1792 ;
1518 1755 1623 1795 ergo

82 1807 161 1849 Sol
183 1808 264 1848 erit
286 1806 453 1860 sperice
477 1805 625 1859 figure.
689 1804 770 1847 Set
787 1820 873 1860 qua
892 1807 1066 1847 racione
1087 1807 1179 1860 Sol,
1202 1815 1246 1849 et
1267 1809 1463 1861 quelibet
1480 1811 1621 1860 stella,

22 1893 62 1926 25
81 1890 157 1930 per
177 1882 379 1917 naturam
404 1887 686 1916 communem
715 1875 920 1916 omnibus
942 1875 1079 1917 stellis
1107 1877 1163 1917 ad
1186 1890 1319 1930 quam
1343 1879 1623 1932 consequitur

79 1947 161 1987 hec
198 1945 351 1998 figura,
383 1951 426 1985 et
458 1943 654 1985 raciones
695 1943 918 1997 generales
955 1945 1010 1985 de
1046 1945 1276 1988 nobilitate
1317 1946 1448 2001 hujus
1486 1947 1623 2001 figure

81 2015 357 2070 supraposite
375 2013 614 2054 ostendunt
630 2012 803 2053 stellam
827 2026 920 2054 esse
938 2014 1103 2068 sperice
1121 2014 1260 2069 figure
1281 2015 1394 2057 sicut
1417 2022 1461 2057 et
1483 2016 1621 2058 orbes.

128 2182 167 2203 12
191 2171 337 2212 dicens]
354 2170 392 2201 de
408 2170 480 2202 Celo
496 2174 526 2202 et
541 2169 672 2202 Mundo
690 2170 725 2203 ii.
743 2179 785 2211 59
801 2174 835 2202 et
847 2180 967 2202 comm.
1104 2180 1146 2211 23
1171 2171 1393 2213 Theodosii]
1411 2172 1430 2204 i.
1456 2183 1483 2204 1.

124 2294 146 2324 6
169 2292 222 2334 fit]
242 2293 315 2325 MS.
333 2293 395 2325 fuit
