1945 3079
130 353 226 383 ¹03²
247 354 273 376 1.

122 757 161 789 O.
186 766 226 799 19
243 768 273 790 a.

115 2375 175 2406 103
193 2378 213 2398 a
232 2375 259 2399 2.

1030 90 1115 135 354

298 197 353 237 ab
377 210 439 246 ea,
462 210 539 238 nec
563 201 710 250 potest
740 209 834 237 esse
865 195 1104 237 rotundum
1136 195 1217 236 nisi
1251 195 1406 236 umbra
1437 196 1603 250 sperica
1629 196 1697 236 vel
1720 209 1849 249 pyra-

298 265 472 306 midalis
489 265 557 306 vel
575 264 886 319 columpnaris,
905 271 952 305 ut
974 265 1080 306 dicit
1099 264 1449 306 Commentator.
1513 265 1573 307 Et
1588 278 1850 319 quacunque

296 335 411 383 data,
450 341 626 388 oportet
661 335 780 387 quod
818 347 977 388 corpus
1010 340 1056 376 et
1093 334 1253 375 umbra
1286 334 1374 374 sint
1408 334 1575 388 sperica
1605 333 1609 389 Ι
1637 340 1680 375 et
1721 332 1849 376 addit

295 403 560 445 Aristoteles
593 404 714 457 quod
748 403 831 444 ista
857 403 998 444 seccio
1020 402 1206 444 arcualis
1236 416 1324 443 non
1351 409 1418 443 est
1439 404 1680 444 secundum
1713 416 1849 458 appa-

294 473 485 514 renciam
526 473 647 513 visus
680 479 747 513 set
790 472 1033 513 secundum
1068 472 1314 513 veritatem.
1381 471 1499 512 Nam
1527 473 1570 512 in
1597 472 1849 515 mutacione

293 541 570 596 figuracionis
609 541 716 582 lucis
754 542 798 582 in
833 541 936 582 luna
970 541 1013 581 in
1056 541 1178 582 omni
1221 553 1384 590 mense,
1426 540 1664 594 aliquando
1705 541 1845 582 seccio

293 611 578 665 pyramidalis
610 611 789 652 visualis
821 610 1018 665 corporis
1052 610 1156 651 lune
1194 616 1261 651 est
1298 609 1413 651 linea
1448 616 1565 651 recta
1602 610 1845 660 secundum

293 680 448 732 visum,
491 680 729 734 aliquando
779 679 982 731 arcualiS,
1022 680 1264 733 aliquando
1304 679 1502 733 gibbosa.
1581 679 1704 733 Ergo
1745 693 1845 720 cum

291 765 468 805 semper
490 751 532 791 in
562 748 567 806 Ι
595 750 745 805 eclipsi
772 756 839 792 est
869 763 955 790 una
984 749 1125 805 figura
1150 749 1370 800 seccionis,
1401 763 1503 793 nam
1534 762 1710 803 semper
1730 749 1847 790 linea

292 833 445 861 secans
469 826 535 861 est
558 820 912 861 circumferencia
929 818 1075 860 circuli
1099 832 1311 868 convexa,
1327 824 1505 872 oportet
1521 820 1641 873 quod
1664 818 1844 873 aliquod

291 890 532 931 rotundum
555 895 726 930 secetur
748 903 773 929 a
796 889 911 929 luna.

352 959 465 1000 Item
516 959 640 1000 addit
688 958 957 999 Aristoteles
1007 958 1127 1010 quod
1177 957 1404 1010 spericitas
1446 963 1562 999 terre
1602 963 1726 1013 patet
1769 971 1846 1012 per

289 1028 373 1069 hoc
405 1029 525 1081 quod
555 1027 681 1068 stelle
714 1041 799 1080 que
827 1032 1046 1081 apparent
1073 1025 1492 1079 septentrionalibus
1516 1041 1604 1068 non
1626 1034 1844 1083 apparent

291 1096 666 1146 meridionalibus,
710 1103 758 1136 ut
800 1096 927 1137 stelle
966 1095 1081 1136 Urse
1123 1094 1303 1148 majoris
1345 1108 1500 1137 omnes
1540 1102 1759 1151 apparent
1801 1097 1844 1137 in

290 1166 477 1207 Francia
494 1172 537 1207 et
558 1165 779 1218 Hispania
796 1170 860 1206 set
880 1164 1062 1205 ulterius
1079 1164 1123 1204 in
1141 1163 1311 1205 Affrica
1328 1177 1416 1205 non
1438 1178 1593 1206 omnes
1614 1172 1844 1220 apparent,

290 1236 364 1276 ubi
407 1241 472 1276 est
515 1235 705 1276 latitudo
748 1234 939 1287 regionis
983 1246 1037 1288 30
1081 1233 1313 1286 graduum,
1349 1240 1397 1275 ut
1436 1233 1682 1282 Marroehe‚
1727 1235 1849 1278 sicut

289 1305 393 1346 dicit
421 1304 663 1358 Averroys‚
687 1303 745 1344 ibi
776 1303 892 1344 enim
917 1303 1061 1344 solum
1084 1303 1353 1355 posteriores
1374 1302 1501 1344 stelle
1524 1303 1639 1345 Urse
1661 1303 1843 1358 majoris

289 1381 518 1427 apparent,
540 1380 583 1413 et
612 1386 699 1413 non
729 1373 827 1422 alie,
848 1372 959 1413 sicut
985 1371 1079 1426 ipse
1105 1371 1213 1412 dicit
1240 1386 1286 1412 se
1313 1371 1445 1414 fuisse
1467 1379 1717 1426 expertum.
1780 1373 1841 1414 Et

289 1442 350 1482 illi
380 1443 455 1496 qui
477 1448 578 1483 sunt
606 1442 649 1482 in
678 1442 860 1482 meridie
881 1441 1033 1482 vident
1055 1439 1206 1482 stellas
1228 1454 1338 1494 quas
1362 1442 1729 1494 septentrionales
1751 1456 1838 1484 non

288 1513 452 1554 vident.
517 1513 617 1553 Hoc
648 1517 797 1552 autem
825 1524 920 1552 esse
945 1523 1036 1551 non
1060 1516 1211 1564 posset
1233 1511 1316 1552 nisi
1338 1512 1567 1564 spericitas
1589 1518 1703 1553 terre
1725 1519 1840 1554 esset

288 1582 464 1635 objecta
492 1581 667 1622 visibus.
731 1581 849 1621 Nam
880 1580 915 1620 si
942 1585 1056 1620 esset
1087 1579 1216 1633 plane
1246 1579 1386 1634 figure
1412 1587 1519 1622 tunc
1545 1580 1606 1622 illi
1635 1582 1710 1634 qui
1737 1588 1839 1623 sunt

288 1652 329 1691 in
364 1651 545 1692 meridie
566 1651 767 1692 viderent
797 1648 945 1691 stellas
974 1662 1128 1690 omnes
1158 1663 1265 1703 quas
1293 1650 1661 1705 septentrionales
1688 1651 1840 1693 vident

286 1727 328 1762 et
351 1735 374 1760 e
394 1721 630 1762 contrario.

345 1790 459 1831 Item
478 1787 602 1831 stelle
618 1789 751 1830 cicius
769 1789 968 1830 oriuntur
985 1790 1105 1843 apud
1123 1788 1358 1830 orientales
1376 1802 1511 1842 quam
1529 1789 1836 1842 occidentales,

286 1866 328 1900 et
367 1859 551 1913 eclipses
588 1859 708 1913 prius
740 1866 953 1912 apparent
987 1858 1271 1900 orientalibus
1303 1872 1437 1911 quam
1471 1858 1838 1909 occidentalibus,

285 1929 523 1970 secundum
562 1928 857 1982 quantitatem
896 1929 1211 1969 distanciarum
1254 1928 1495 1969 secundum
1535 1928 1836 1971 diversitatem

284 1998 609 2052 longitudinum
629 1997 858 2050 regionum
882 1996 939 2038 ab
962 1998 1130 2039 oriente
1153 1998 1196 2038 in
1220 1997 1510 2039 occidentem.
1564 1996 1643 2038 Set
1664 1998 1699 2038 si
1721 2004 1836 2041 terra

283 2075 398 2109 esset
427 2068 556 2121 plane
582 2066 720 2120 figure
743 2067 799 2107 ab
825 2063 995 2107 oriente
1021 2067 1064 2107 in
1091 2067 1368 2108 occidentem
1392 2080 1503 2120 eque
1525 2066 1614 2108 cito
1635 2068 1835 2110 viderent

282 2138 434 2179 stellas
471 2138 515 2177 in
552 2137 721 2178 oriente
759 2149 913 2177 omnes
950 2136 1204 2178 habitantes
1239 2149 1371 2189 super
1408 2135 1683 2190 superficiem
1722 2144 1835 2179 terre

283 2209 395 2249 inter
409 2207 551 2248 oriens
567 2212 610 2247 et
625 2205 841 2256 occidens,
855 2205 957 2258 quia
974 2205 1143 2254 nullum
1162 2212 1276 2246 esset
1293 2205 1413 2246 visus
1432 2205 1805 2259 impedimentum
1824 2222 1833 2259 ;

282 2283 552 2332 quapropter
573 2289 750 2316 necesse
773 2281 838 2316 est
862 2281 1024 2316 terram
1048 2288 1143 2316 esse
1164 2275 1394 2330 spericam.

342 2345 391 2388 Si
417 2360 520 2387 vero
547 2344 798 2399 superficies
825 2357 940 2397 aque
965 2358 1168 2385 convexa
1190 2349 1257 2385 e'st
1279 2344 1460 2398 sperica,
1484 2351 1532 2386 ut
1560 2343 1565 2399 Ι
1594 2346 1832 2399 probatum

281 2422 362 2465 est,
389 2422 495 2456 tune
524 2413 777 2468 superficies
808 2413 918 2454 aeris
949 2414 1031 2455 erit
1059 2414 1230 2467 sperica
1258 2427 1463 2463 concava,
1486 2421 1534 2455 ut
1563 2422 1751 2468 equetur
1778 2416 1831 2457 ei.

284 2485 402 2526 Nam
433 2484 476 2524 in
505 2483 591 2524 alia
622 2482 762 2536 figura
789 2489 903 2523 esset
932 2496 1133 2535 vacuum,
1155 2483 1365 2536 quoniam
1393 2483 1427 2523 si
1451 2483 1700 2536 superficies
1721 2485 1832 2526 aeris

329 2603 348 2623 2
373 2591 675 2633 commentator]
693 2591 757 2623 loc.
773 2592 829 2624 cit.
850 2592 884 2625 ii.
906 2602 978 2633 109.
1115 2604 1147 2632 4,
1169 2603 1208 2623 12
1225 2591 1263 2623 de
1280 2591 1354 2624 Celo
1369 2597 1399 2624 et
1414 2593 1547 2624 Mundo
1564 2593 1596 2625 ii.
1614 2603 1686 2627 110.

322 2691 343 2719 6
367 2690 461 2731 luna]
481 2690 561 2721 luna
590 2691 738 2722 arcualis
769 2691 812 2722 M
892 2702 909 2731 7
935 2690 1108 2732 corporis]
1141 2695 1175 2722 et
1207 2691 1394 2731 corporalis
1427 2691 1458 2722 Ο
1563 2694 1602 2723 16
1625 2693 1684 2735 30]
1718 2703 1762 2725 20
1791 2693 1835 2724 M

282 2751 317 2779 17
344 2741 435 2773 Urse
466 2742 619 2783 majoris]
653 2742 744 2774 Urse
775 2742 805 2773 O
996 2743 1036 2774 18
1073 2753 1141 2774 non
1175 2742 1252 2782 alie,
1285 2741 1389 2783 sicut]
1424 2744 1502 2775 ideo
1534 2744 1562 2775 si
1593 2744 1660 2776 alie
1691 2745 1761 2776 sint
1792 2745 1835 2777 M

279 2802 321 2822 20
345 2792 480 2834 posset]
498 2798 614 2834 potest
630 2793 673 2824 M
818 2805 859 2834 23
884 2794 1071 2836 contrario]
1090 2800 1209 2826 contra
1226 2794 1268 2825 M

1867 491 1885 524 5

1868 837 1907 860 10

1864 1187 1901 1221 ¹5

1861 1516 1941 1554 20*

1858 1877 1897 1909 25

1854 2223 1896 2254 30
