1945 3079
123 1374 164 1405 O.
187 1379 272 1415 17a.

132 1449 191 1470 102
210 1451 229 1471 a
248 1449 278 1471 1.

1030 74 1115 120 350

298 182 435 235 figure
477 194 692 233 convexe‚
735 181 848 223 sicut
889 180 1058 222 dictum
1101 188 1166 222 est
1209 180 1265 222 de
1306 179 1414 222 celo.
1477 180 1599 235 Ergo
1640 179 1851 221 naturalis

296 251 437 304 figura
470 251 580 304 ignis
607 251 720 293 sicut
753 250 833 292 celi
867 264 1069 292 convexa
1106 257 1171 292 est
1204 250 1383 305 sperica,
1418 263 1496 304 per
1524 263 1658 304 quam
1690 248 1853 291 sufficit

296 320 495 361 exclusio
517 321 659 362 vacui.

356 388 435 430 Set
456 391 512 431 ad
534 390 860 431 concavitatem
884 389 1102 444 spericam
1121 389 1337 431 interioris
1362 387 1607 443 superficiei
1629 388 1742 444 ignis
1764 402 1852 429 non

296 460 525 500 veniemus
566 459 844 508 sufficienter,
870 459 965 506 vnisi
1008 473 1086 513 per
1120 458 1411 513 figuraciones
1444 458 1630 499 aliorum
1664 457 1852 499 elemen-
1873 474 1890 507 5

298 535 459 570 torum.
523 529 674 570 Potest
713 536 862 570 tamen
896 529 1153 582 persuaderi
1185 528 1270 570 hoc
1305 541 1393 569 uno
1426 527 1561 569 modo
1587 527 1707 582 'quia
1739 527 1853 581 ignis

300 605 365 639 est
394 612 568 640 summe
599 598 694 640 leve
725 603 769 640 et
792 598 990 652 ejusdem
1014 605 1170 639 nature
1194 612 1270 652 per
1290 604 1435 639 totum
1452 600 1466 649 ’ς
1503 610 1608 651 ergo
1636 603 1851 651 quantum

299 682 356 709 ex
387 682 473 709 una
501 674 628 722 parte
657 668 810 709 mundi
841 668 1025 710 distaret
1056 682 1082 708 a
1110 667 1190 709 sibi
1216 667 1448 717 contrario,
1470 673 1514 708 et
1536 681 1594 707 ex
1623 666 1721 718 alia,
1745 680 1852 720 ergo

296 738 526 792 equalibus
544 738 668 779 lineis
690 738 885 791 undique
903 737 1088 780 distabit
1110 752 1134 779 a
1157 744 1273 779 terra
1295 743 1339 779 et
1361 742 1572 779 acentro.
1638 735 1718 778 Set
1740 735 1854 778 linee

294 808 473 861 equales
498 808 688 862 undique
711 814 755 849 et
778 807 820 848 in
849 821 1026 849 omnem
1051 813 1223 861 partem
1251 813 1474 860 protracte
1501 819 1590 846 non
1612 805 1853 848 terminan-
1875 821 1916 845 10

299 883 370 918 tur
391 877 472 918 nisi
497 878 551 918 ad
576 883 776 918 centrum
800 891 939 931 spere,
962 891 1067 931 ergo
1096 882 1276 930 oportet
1296 876 1415 929 quod
1439 876 1551 929 ignis
1573 875 1630 916 sit
1659 875 1854 930 undique

295 961 446 989 versus
475 953 675 988 centrum
707 947 859 988 mundi
887 948 1056 1001 sperice
1089 947 1241 1000 figure,
1265 953 1331 987 set
1360 959 1560 988 convexe
1589 959 1677 987 non
1703 952 1852 1001 potest

296 1031 404 1068 esse,
427 1017 529 1071 quia
552 1018 747 1058 continet
770 1031 917 1058 aerem
941 1024 984 1058 et
1007 1016 1093 1058 alia
1119 1016 1353 1067 elementa,
1378 1029 1484 1069 ergo
1506 1015 1589 1057 erit
1610 1029 1852 1059 concavum

297 1087 518 1140 spericum
539 1087 596 1127 ab
621 1087 827 1128 interiori.
889 1086 937 1128 Si
961 1086 1100 1128 eciam
1124 1079 1353 1140 sperici'tas
1382 1098 1583 1127 convexa
1605 1085 1716 1138 ignis
1738 1091 1854 1127 esset

296 1170 448 1197 versus
488 1163 687 1198 centrum
732 1156 898 1206 mundi,
940 1162 1045 1197 tunc
1089 1160 1312 1210 oporteret
1360 1155 1480 1209 quod
1523 1160 1670 1196 essent
1708 1152 1914 1199 'multe15

296 1239 423 1281 spere
453 1226 566 1281 ignis
598 1227 736 1267 immo
770 1224 949 1275 infinite,
978 1225 1103 1279 quasi
1135 1225 1237 1279 quia
1267 1225 1325 1266 ab
1357 1225 1478 1267 omni
1511 1231 1637 1278 parte
1668 1237 1852 1266 concur-

302 1302 416 1338 reret
447 1296 602 1350 porcio
636 1296 762 1336 unius
791 1309 916 1349 spere
948 1309 1160 1348 convexe,
1190 1302 1239 1337 ut
1260 1301 1386 1349 patet
1408 1296 1464 1336 de
1490 1294 1853 1337 conveccionibus

298 1365 512 1408 ordinatis
545 1365 660 1406 circa
692 1378 828 1405 unum
862 1370 1074 1419 punctum
1112 1365 1200 1415 sic;
1231 1362 1236 1420 Ι
1263 1370 1306 1405 et
1337 1363 1418 1405 hec
1451 1364 1571 1405 racio
1603 1364 1853 1406 communis

299 1441 447 1489 potest
476 1433 481 1490 ἱ
509 1448 604 1476 esse
646 1435 688 1475 in
730 1435 935 1475 omnibus
979 1433 1223 1484 elementis,
1265 1440 1359 1474 tam
1402 1449 1427 1475 a
1469 1440 1596 1488 parte
1638 1433 1852 1488 superiori
1920 1491 1923 1493 ‚

296 1512 345 1547 ut
375 1506 460 1546 sint
488 1519 708 1556 convexa,
731 1519 865 1558 quam
888 1519 914 1546 a
944 1511 1070 1559 parte
1099 1503 1288 1545 inferiori
1320 1510 1368 1545 ut
1397 1504 1484 1546 sint
1512 1517 1715 1547 concava.
1781 1504 1853 1545 De
1873 1494 1931 1542 20⁷

296 1574 380 1616 illis
404 1575 503 1616 dico
525 1589 611 1629 que
633 1580 734 1615 sunt
756 1581 860 1616 nata
882 1575 1115 1625 continere,
1134 1575 1237 1628 quia
1259 1588 1346 1616 non
1368 1580 1546 1629 oportet
1570 1589 1665 1617 esse
1687 1582 1851 1617 terram

296 1658 550 1687 concavam.

358 1714 438 1756 Set
470 1715 656 1770 propriis
700 1714 949 1756 racionibus
990 1720 1034 1756 et
1065 1714 1424 1756 consideracione
1460 1714 1638 1769 speciali
1676 1721 1851 1770 oportet

296 1785 423 1826 aliter
454 1785 648 1839 procedi,
686 1790 730 1826 et
761 1783 1016 1838 hujusmodi
1050 1785 1348 1826 consideracio
1382 1785 1583 1827 maxime
1616 1784 1851 1827 manifesta

298 1861 362 1896 est
390 1855 432 1895 in
465 1868 591 1908 aqua.
659 1855 844 1908 Propter
869 1854 987 1908 quod
1022 1854 1291 1896 Aristoteles
1324 1855 1468 1908 primo
1499 1855 1630 1897 docet
1663 1854 1849 1910 figuram
1873 1867 1911 1899 ²5

297 1937 412 1977 aque
434 1937 566 1977 quam
595 1923 780 1965 aliorum
809 1923 1129 1965 elementorum
1153 1937 1161 1964 :
1194 1937 1273 1965 nec
1309 1924 1480 1974 mirum,
1503 1938 1602 1966 cum
1637 1923 1735 1966 loca
1762 1925 1850 1966 duo

295 1993 439 2046 prima
480 2000 594 2041 sunt,
625 1993 804 2044 scilicet,
850 1992 992 2034 celum
1037 2000 1080 2034 et
1112 2007 1239 2047 aqua.
1306 1993 1460 2035 Celum
1497 2007 1741 2035 concavum
1783 2000 1850 2036 est

297 2063 418 2104 locus
451 2076 632 2112 sursum,
661 2076 777 2116 aqua
811 2076 1002 2104 concava
1033 2069 1099 2105 est
1132 2063 1252 2105 locus
1283 2064 1489 2105 deorsum
1513 2077 1522 2114 ;
1555 2070 1599 2105 et
1628 2063 1726 2104 ideo
1747 2077 1848 2105 cum

298 2131 438 2186 figura
462 2131 706 2173 locatorum
737 2132 793 2173 sit
816 2146 842 2173 a
864 2132 1132 2186 figuracione
1161 2132 1370 2181 locorum,
1393 2138 1571 2186 oportet
1592 2132 1851 2175 naturaliter

298 2201 476 2255 presciri
524 2200 688 2256 figuras
729 2201 809 2243 celi
853 2208 896 2242 et
939 2215 1053 2254 aque
1101 2215 1236 2255 quam
1282 2202 1469 2243 aliorum
1513 2201 1850 2244 elementorum.
1868 2219 1911 2251 30

299 2270 359 2311 Et
382 2276 564 2325 propter
595 2270 678 2312 hoc
709 2271 828 2324 quod
864 2270 1006 2312 celum
1039 2277 1105 2313 est
1137 2270 1258 2312 locus
1290 2271 1469 2326 primus,
1493 2269 1680 2313 occurrit
1705 2272 1849 2325 primo

297 2340 556 2381 naturaliter
597 2340 759 2381 noticia
801 2340 940 2395 figure
976 2341 1082 2395 ejus,
1129 2347 1176 2381 ut
1214 2334 1270 2382 sit
1311 2353 1395 2382 una
1433 2341 1562 2382 radix
1600 2341 1848 2383 inveniendi

297 2407 459 2462 figuras
481 2423 715 2464 corporum
744 2411 910 2461 mundi,
933 2416 976 2451 et
1002 2410 1202 2464 sequitur
1232 2424 1345 2452 nunc
1375 2412 1568 2452 secunda
1597 2411 1741 2461 radiX,
1762 2424 1848 2465 que

298 2485 365 2520 est
389 2479 590 2520 invencio
607 2478 885 2532 figuracionis
915 2493 1040 2533 aque,
1061 2479 1222 2533 quibus
1251 2479 1413 2521 habitis
1442 2479 1568 2522 facile
1596 2486 1663 2522 est
1684 2480 1848 2522 habere

297 2547 613 2603 figuracionem
637 2548 895 2590 locatorum.
1623 2603 1631 2608 .
1867 2559 1907 2592 35

339 2664 360 2692 6
384 2661 517 2703 tamen]
535 2662 624 2693 enim
645 2661 676 2692 Ο
765 2663 786 2692 8
810 2673 852 2693 ex
869 2661 952 2703 alia]
970 2662 1011 2693 ab
1028 2662 1094 2693 alio
1112 2661 1143 2692 O
1241 2673 1263 2702 9
1286 2662 1435 2703 undique
1452 2673 1516 2695 om.
1534 2663 1577 2694 M
1676 2674 1714 2704 14
1738 2664 1847 2706 speri-

297 2725 372 2745 cum
405 2726 471 2746 om.
506 2714 538 2746 O
683 2725 721 2755 17
747 2714 1053 2757 conveccionibus]
1087 2715 1364 2747 convexitatibus
1395 2715 1438 2746 M
1597 2718 1640 2748 26
1663 2727 1763 2758 quam
1783 2741 1789 2749 .
1807 2741 1815 2749 .
1834 2740 1843 2749 .

295 2767 543 2798 elementorum
563 2778 629 2800 om.
649 2766 680 2798 Ο
859 2778 900 2808 34
926 2767 1071 2809 habere]
1089 2767 1205 2799 haberi
1226 2767 1256 2799 Ο
