1945 3079
821 111 900 153 311

90 216 241 251 natum
277 210 440 250 moveri
475 210 754 252 circulariter.
818 210 951 264 Quod
988 218 1137 253 autem
1176 212 1232 254 sit
1269 213 1504 254 rotundum
1538 228 1632 268 per-

90 278 245 321 fectius
276 286 396 321 recto
428 280 610 333 planum
642 286 719 330 est,
749 280 851 332 quia
884 281 1036 321 mobili
1070 288 1188 322 recto
1218 282 1426 335 possibile
1457 284 1634 324 addicio

88 356 154 390 est
176 349 211 389 si
233 349 289 390 sit
312 348 502 399 finitum,
524 355 567 390 et
596 349 631 389 si
658 349 714 390 sit
744 348 962 389 infinitum
993 363 1072 390 nec
1102 349 1235 391 habet
1261 351 1634 405 complementum

89 431 167 460 nec
189 419 469 472 principium,
491 424 539 458 ut
568 418 684 459 dixit
708 418 935 471 Averroys
958 419 1099 471 primo
1126 418 1217 460 Celz‘
1234 426 1277 460 et
1296 419 1473 463 Mundi.
1539 422 1636 463 Hec

50 494 184 534 5tota
226 488 342 529 racio
383 500 482 528 cum
525 502 605 529 sua
645 487 947 529 deelaracione
987 488 1166 541 ponitur
1207 488 1264 529 ab
1302 488 1550 531 Aristotele
1591 498 1635 532 et

88 557 327 611 Averroys‚
369 563 413 598 et
454 557 554 598 licet
596 557 666 598 hic
708 558 919 610 supponit
961 571 1094 598 omne
1131 571 1288 612 corpus
1330 565 1498 599 rectum
1542 574 1636 601 esse

89 625 276 677 finitum,
317 633 361 667 et
403 632 469 667 est
518 627 672 667 leviter
715 626 999 676 declaratum,
1042 633 1193 668 tamen
1246 640 1303 667 ex
1345 628 1553 680 predictis
1594 630 1635 669 in

88 696 372 749 sequentibus
412 695 496 736 hoc
540 701 675 748 patet.
752 695 1037 737 Declaratum
1081 701 1147 736 est
1194 696 1309 735 enim
1354 697 1472 749 prius
1513 699 1634 750 quod

89 764 256 806 nullum
278 778 436 819 corpus
469 771 617 818 potest
645 778 740 805 esse
771 764 991 806 infinitum
1025 771 1069 806 et
1101 765 1396 806 declarabitur
1424 766 1562 807 eciam
1594 767 1636 807 in

30 849 71 871 10
89 834 339 888 particulari
362 839 405 875 et
428 834 483 875 de
506 833 736 876 elementis
759 839 803 875 et
826 834 932 876 celo.

150 899 211 945 'Et
252 917 384 957 super
419 903 503 944 hoc
539 903 749 945 fundatur
791 904 877 946 alia
919 904 1051 954 racio,
1087 904 1308 958 quoniam,
1347 909 1395 945 ut
1426 905 1532 946 dicit
1568 905 1638 947 hic

90 973 334 1026 Averroys,
354 987 514 1027 corpus
532 981 748 1015 rectarum
767 973 1091 1015 dimensionum
1115 974 1358 1015 necessario
1377 976 1639 1016 terminatur

89 1042 146 1082 ad
188 1043 418 1084 continens
460 1043 618 1097 ipsum,
659 1043 779 1095 quod
822 1056 909 1083 non
952 1049 1100 1097 potest
1131 1056 1225 1083 esse
1266 1043 1345 1083 nisi
1384 1045 1636 1085 rotundum.

90 1111 297 1165 Namque
328 1113 363 1152 si
396 1119 524 1153 extra
560 1113 706 1165 ipsum
744 1119 859 1153 esset
897 1119 1080 1163 rectum,
1111 1126 1198 1154 non
1236 1113 1534 1154 contineretur
1570 1120 1638 1154 set

30 1195 68 1228 15
90 1181 419 1223 continuaretur
461 1182 692 1222 rectitudo.
756 1181 851 1222 Nec
894 1188 1041 1235 potest
1079 1182 1135 1222 ad
1170 1195 1358 1222 vacuum
1400 1182 1638 1233 terminari,

90 1250 195 1303 quia
232 1250 469 1304 probatum
512 1257 577 1291 est
619 1251 740 1304 prius
780 1263 969 1291 vacuum
1013 1263 1101 1291 non
1143 1264 1271 1304 posse
1308 1264 1413 1292 esse.
1476 1251 1637 1305 Neque

90 1320 146 1359 ad
189 1319 322 1360 nichil
358 1320 436 1360 nisi
471 1320 527 1360 ad
569 1333 728 1373 corpus
764 1320 1016 1369 rotundum,
1052 1319 1155 1372 quia
1190 1319 1398 1373 possibile
1434 1326 1548 1361 esset
1582 1335 1640 1360 ex

90 1395 248 1429 natura
292 1402 371 1430 sua
414 1388 522 1429 illud
563 1389 729 1429 moveri
772 1402 961 1437 sursum,
1004 1401 1111 1441 ergo
1154 1388 1417 1441 relinqueret
1453 1403 1639 1430 vacuum

90 1459 133 1498 in
163 1472 332 1499 recessu
359 1472 439 1498 suo
471 1459 574 1511 quia
606 1459 686 1498 nisi
716 1459 835 1513 prius
866 1458 942 1499 fiat
972 1472 1129 1512 corpus
1155 1458 1287 1499 nichil
1317 1466 1445 1508 esset,
1467 1465 1510 1500 et
1539 1473 1639 1512 sup-

29 1546 72 1568 20
90 1528 296 1581 ponimus
338 1541 452 1568 nunc
498 1541 556 1568 ex
605 1526 838 1568 universali
882 1527 1277 1577 demonstracione‚
1321 1528 1440 1581 quod
1483 1541 1640 1581 corpus

90 1603 258 1638 rectum
293 1610 381 1637 non
423 1604 489 1638 est
524 1595 756 1648 infinitum,
793 1610 896 1649 ergo
939 1603 1115 1651 oportet
1157 1597 1277 1649 quod
1319 1604 1446 1638 extra
1481 1611 1638 1650 corpus

89 1673 255 1707 rectum
284 1667 340 1707 sit
369 1680 527 1720 corpus
556 1667 796 1707 rotundum
820 1666 888 1707 vel
912 1665 1129 1707 circulare.
1195 1667 1308 1707 Item
1336 1666 1462 1708 aliter
1483 1680 1637 1707 secun-

91 1735 198 1775 dum
253 1735 540 1776 Aristotelem
593 1742 637 1776 et
689 1734 918 1788 Averroys
975 1736 1188 1789 contingit
1244 1736 1299 1776 ad
1360 1737 1636 1790 propositum

90 1818 285 1859 arguere.
350 1806 468 1846 Nam
503 1818 662 1859 corpus
699 1812 867 1846 rectum
903 1810 968 1845 est
1000 1803 1249 1857 generabile
1280 1811 1322 1846 et
1355 1805 1639 1858 corruptibile

31 1893 70 1924 ²5
89 1875 333 1915 secundum
365 1880 534 1928 partem
562 1874 629 1914 vel
661 1879 818 1924 totum,
846 1879 892 1914 ut
923 1873 1151 1927 Averroys
1178 1873 1182 1926 Ι
1211 1874 1317 1915 dicit
1349 1875 1392 1914 in
1424 1874 1638 1928 principio
1658 1887 1729 1919 0.2
1749 1897 1779 1919 a.

95 1941 186 1984 Cela·
209 1950 253 1984 et
277 1943 457 1993 Mundi,
493 1949 536 1984 et
574 1948 697 1996 patet
729 1943 813 1984 hoc
850 1942 950 1995 quia
983 1943 1126 1983 mixta
1158 1950 1260 1984 sunt
1295 1943 1564 1997 generabilia
1596 1951 1639 1985 et

89 2012 306 2053 elementa
337 2012 585 2053 adinvicem
617 2012 860 2052 secundum
888 2025 990 2052 suas
1022 2018 1169 2066 partes
1196 2018 1559 2063 transmutantur,
1591 2019 1639 2053 ut

89 2080 357 2123 Aristoteles
402 2081 495 2122 vult
536 2081 649 2122 libro
691 2080 972 2123 Metlzeorum
1015 2087 1058 2122 et
1100 2081 1152 2122 de
1196 2081 1498 2123 Generasz‘one.
1561 2082 1639 2124 Set

92 2150 279 2192 Boecius
315 2152 359 2191 in
397 2156 441 2206 30
478 2150 530 2191 de
567 2149 864 2192 Consolacione
905 2151 1051 2204 arguit
1082 2151 1202 2204 quod
1246 2151 1286 2191 in
1321 2151 1440 2191 omni
1479 2152 1640 2204 genere

134 2309 154 2336 4
180 2299 260 2329 Geli
275 2302 314 2329 et
330 2297 487 2339 Mundi]
508 2299 528 2329 i.
552 2308 590 2328 12
607 2308 728 2329 comm.
1045 2298 1086 2328 26
1111 2299 1189 2329 celi
1208 2302 1245 2329 et
1263 2297 1418 2338 Mundi]
1437 2298 1456 2329 i.
1476 2308 1495 2328 2
1513 2308 1634 2329 comm.

91 2359 134 2388 29
158 2351 204 2381 de
221 2350 514 2391 consolacione]
539 2351 583 2381 iii.
602 2361 652 2382 10.

137 2495 152 2529 4Ι
179 2483 406 2525 circulariter]
438 2489 533 2515 motu
567 2483 734 2522 circulari,
768 2488 801 2514 et
833 2483 922 2523 quod
956 2493 999 2514 ex
1031 2488 1151 2514 natura
1182 2484 1342 2523 specifica
1375 2483 1519 2524 recipiat
1550 2484 1638 2514 hunc

91 2542 219 2569 motum
239 2537 270 2568 O
439 2548 458 2568 2
484 2537 598 2567 mobili
615 2547 682 2568 om.
706 2536 737 2567 O
904 2547 923 2575 4
949 2535 1051 2577 dixit]
1070 2536 1150 2567 dicit
1169 2535 1199 2566 O
1367 2546 1404 2575 14
1423 2536 1576 2575 Namque
1593 2536 1636 2576 si]

93 2589 179 2620 Nam
193 2589 220 2621 si
238 2590 327 2630 quod
347 2589 378 2621 O
478 2594 571 2620 esset
590 2588 737 2630 rectum]
757 2592 820 2628 est,
840 2593 934 2619 esset
952 2594 1093 2628 rectum,
1114 2593 1227 2619 tamen
1249 2587 1279 2619 Ο
1387 2588 1637 2628 contineretur]

92 2643 351 2674 continuaretur
370 2642 400 2673 O
553 2643 592 2672 16
610 2645 690 2682 post
703 2652 781 2672 esse
799 2639 839 2670 M
854 2640 931 2672 add.
952 2641 1049 2671 verbi
1067 2641 1181 2680 gracia
1331 2651 1367 2679 17
1394 2641 1457 2671 nisi
1475 2640 1533 2681 ad]
1552 2644 1588 2671 ut
1606 2640 1637 2670 O

95 2695 134 2724 18
158 2694 257 2736 illud]
276 2705 404 2735 corpus
422 2694 503 2725 illud
521 2694 552 2725 Ο
640 2692 793 2734 sursum]
813 2703 948 2724 sursum
966 2693 1019 2723 vel
1041 2693 1200 2724 deorsum
1216 2692 1246 2723 O
1368 2702 1407 2732 19
1432 2692 1513 2733 nisi]
1531 2692 1587 2722 ubi
1607 2692 1639 2723 Ο

93 2746 168 2787 fiat]
188 2746 249 2777 suit
267 2746 298 2777 O
401 2757 443 2777 20
466 2745 575 2786 quod]
594 2746 671 2785 quia
691 2745 731 2775 M
830 2755 871 2775 22
896 2744 968 2786 vel]
987 2750 1021 2776 et
1041 2743 1072 2775 O
1164 2755 1205 2783 27
1230 2744 1510 2785 transmutantur]
1530 2749 1638 2775 trans-

93 2804 220 2829 mutata
240 2797 281 2827 M
414 2808 455 2838 29
479 2798 532 2838 3⁰]
553 2801 589 2828 2⁰
609 2798 638 2828 O
