1945 3079
808 128 891 172 425

83 237 127 272 et
159 230 355 272 Thebith
387 231 717 284 apparentibuS,
742 231 849 272 alias
883 232 1048 274 radices
1079 238 1123 273 et
1155 233 1390 286 qualitates
1420 238 1619 274 motuum

84 299 223 353 magis
255 306 410 340 nature
437 306 480 340 et
511 299 673 340 racioni
709 300 945 341 concordes
978 301 1137 354 quibus
1169 302 1432 354 apparencia
1463 302 1620 342 salvari

83 368 320 418 adinvenit,
344 381 428 409 non
453 369 658 421 ponendo
683 369 963 422 ecentricum,
985 383 1062 411 nec
1079 370 1322 423 epiciclum‚
1348 384 1425 412 nec
1450 376 1619 412 motum

83 437 125 477 in
157 437 396 478 contrarias
429 443 588 490 parteS‚
619 444 686 478 set
717 451 870 478 omnes
902 439 957 478 ab
990 439 1158 480 oriente
1186 439 1227 479 in
1260 439 1545 488 occidentem,
1578 445 1623 479 et

43 521 61 553 5
83 504 255 546 stellam
278 505 414 546 fixam
438 506 480 545 in
503 506 610 546 orbe
631 506 773 546 solum
798 507 962 547 moveri
984 520 1061 559 per
1084 513 1253 548 motum
1275 508 1340 548 sui
1363 507 1492 550 orbis.

143 574 271 615 Ponit
294 575 427 628 igitur
448 575 490 614 in
512 574 605 616 celo
635 572 639 628 Ι
666 581 838 616 tantum
863 589 997 616 unurn
1023 583 1192 617 motum
1215 576 1405 630 primum
1429 584 1473 618 et
1504 577 1622 630 prin·
1646 592 1706 624 124
1723 593 1742 614 a
1766 591 1794 613 1.

84 641 268 696 cipalem
292 656 422 696 quem
447 643 572 696 ponit
602 642 902 694 Ptholomeus,
925 650 969 684 et
995 650 1060 685 est
1093 644 1149 684 ab
1172 645 1338 685 oriente
1361 645 1403 685 in
1426 645 1623 685 occiden-

84 718 176 752 tem
200 712 447 761 continuus,
470 711 707 762 uniformis,
730 719 773 753 et
795 713 1090 754 velocissimus
1113 728 1242 766 super
1264 715 1375 755 duos
1404 714 1528 766 polos
1550 714 1625 766 qui

85 781 290 821 dicuntur
324 780 413 834 poli
452 781 619 822 mundi.
703 781 763 822 Et
797 795 895 822 curn
935 781 1074 822 celum
1110 796 1186 835 per
1220 782 1366 835 plures
1398 783 1526 822 orbes
1558 782 1624 822 di·-

26 864 65 887 10
86 849 333 903 stinguitur,
359 849 428 890 hic
457 855 603 890 motus
626 850 720 891 orbi
744 850 886 903 primo
908 851 1227 904 appropriatur,
1248 857 1292 892 et
1312 851 1474 892 virtute
1497 850 1626 902 hujus

86 917 179 971 celi,
212 932 345 971 quam
376 919 531 972 recipit
565 933 591 959 a
623 932 703 959 suo
738 925 921 968 motore,
956 926 1188 960 moventur
1218 933 1369 961 omnes
1402 920 1528 960 orbes
1560 919 1624 959 in-

84 987 275 1038 feriores,
292 993 335 1028 et
357 987 576 1029 elementa
599 989 745 1029 omnia
767 994 911 1041 preter
932 994 1107 1029 terram.
1153 988 1233 1030 Set
1250 989 1461 1042 quoniam
1484 989 1626 1028 omnis

86 1056 223 1096 virtus
255 1055 388 1107 finita,
421 1070 447 1096 a
477 1062 649 1098 motore
680 1057 893 1107 derivata,
925 1057 1082 1098 forcior
1115 1063 1180 1098 est
1212 1058 1458 1110 propinqua
1491 1071 1623 1110 quam

87 1131 267 1175 remota,
287 1133 331 1167 et
354 1126 492 1166 eciam
514 1127 754 1167 secundum
777 1126 1071 1167 remocionem
1086 1126 1300 1179 majorem
1318 1126 1627 1180 proporciona-

28 1208 65 1240 15
88 1193 186 1235 liter
203 1195 433 1236 revertitur
451 1209 475 1235 a
497 1195 668 1237 forciori
686 1196 846 1237 virtute
862 1195 1002 1248 major
1018 1195 1226 1237 velocitas
1242 1202 1386 1236 motus
1400 1201 1627 1242 causatur3

89 1277 266 1306 necesse
289 1271 355 1306 est
376 1264 504 1306 orbes
536 1265 871 1318 propinquiores
893 1265 988 1305 orbi
1012 1265 1151 1318 primo
1172 1264 1364 1305 velocius
1386 1265 1627 1304 secundum

87 1333 202 1374 hunc
240 1333 418 1383 moveri,
453 1340 496 1374 et
533 1334 794 1376 remociores
828 1333 1008 1375 tardius,
1084 1334 1144 1374 Et
1184 1334 1265 1374 hec
1306 1340 1372 1374 est
1418 1346 1502 1372 una
1536 1332 1628 1385 ejus

88 1403 230 1455 radix,
252 1417 309 1444 ex
332 1417 418 1456 qua
442 1403 718 1456 quorundam
741 1403 1052 1456 apparencium
1068 1403 1109 1442 in
1132 1401 1226 1444 celo
1247 1415 1401 1443 causas
1423 1402 1628 1442 extrahit.

91 1473 151 1514 Et
174 1472 407 1513 confirmat
432 1472 545 1513 hanc
569 1472 758 1513 radicem
782 1485 861 1526 per
888 1472 984 1521 hoc,
1007 1471 1127 1524 quod
1151 1471 1193 1510 in
1216 1470 1310 1511 celo
1333 1475 1456 1524 patet
1478 1469 1628 1522 hujus-

28 1558 70 1581 ιο
89 1541 210 1583 modi
242 1548 388 1582 motus
416 1541 648 1582 derivacio.
712 1540 935 1594 Quoniam
963 1541 1004 1580 in
1037 1539 1257 1580 elemento
1292 1539 1414 1593 ignis,
1437 1545 1485 1579 ut
1514 1539 1633 1589 dicit,

88 1611 289 1652 videmus
312 1611 355 1650 in
377 1609 632 1663 crepusculo
654 1610 900 1664 vespertino
927 1622 1113 1663 corpora
1128 1609 1302 1649 incensa
1319 1607 1478 1648 similia
1495 1607 1631 1649 stellis

80 1685 213 1721 ‘mota
238 1693 337 1721 cum
367 1685 491 1720 motu
524 1678 762 1728 stellarum,
791 1685 835 1720 et
867 1678 1094 1732 sequentia
1127 1678 1243 1731 ipsas
1275 1690 1505 1730 quousque
1534 1677 1632 1718 abs-

90 1749 349 1790 condantur.
427 1749 509 1788 Per
558 1749 676 1801 quod
719 1748 914 1789 ostendit
963 1747 1229 1788 elementum
1276 1745 1388 1798 ignis
1440 1745 1635 1787 circulari

92 1824 216 1861 motu
238 1819 399 1860 virtute
420 1818 620 1872 predicta
642 1817 811 1859 deferri.

31 1903 69 1935 25
151 1887 436 1928 Elementum
460 1888 599 1928 eciam
621 1887 732 1928 aeris
754 1887 944 1928 affirmat
966 1886 1027 1927 ita
1056 1885 1229 1935 moveri,
1252 1885 1452 1938 quamvis
1474 1885 1517 1924 in
1540 1883 1634 1937 ejus

92 1963 218 1999 motu
239 1957 295 1997 sit
316 1956 512 1998 latitacio
530 1971 539 2007 ;
573 1962 615 1997 et
638 1956 722 1997 hoc
744 1962 890 2010 potest
911 1969 1006 1997 esse
1027 1955 1132 2009 quia
1152 1954 1436 1995 vehementer
1458 1952 1633 1993 mobilis

91 2033 156 2068 est
177 2027 220 2067 in
243 2026 331 2066 suis
354 2026 563 2078 partibus,
581 2039 667 2079 que
681 2025 765 2067 huc
780 2024 880 2066 illuc
897 2025 1096 2066 ordinate
1114 2038 1139 2064 a
1154 2030 1288 2065 vento
1302 2022 1608 2077 propelluntur
1626 2035 1635 2071 ;

91 2102 135 2136 et
157 2095 296 2137 eciam
324 2095 426 2147 quia
449 2102 629 2148 propter
649 2094 714 2135 sui
737 2093 1093 2148 perspicuitatem
1115 2099 1181 2134 est
1202 2092 1345 2133 solum
1369 2091 1564 2132 medium
1592 2091 1635 2130 in

92 2166 200 2214 visu,
221 2171 264 2205 et
298 2165 397 2205 ideo
425 2177 576 2205 sensus
609 2170 756 2204 motus
787 2169 852 2203 est
872 2163 982 2203 visui
1016 2161 1385 2216 imperceptibilis,
1413 2174 1513 2202 cum
1546 2172 1634 2199 non

34 2245 76 2276 30
93 2234 150 2275 sit
171 2247 330 2288 corpus
351 2233 532 2286 aliquod
553 2232 723 2273 visibile
747 2232 1012 2273 luminosum
1036 2231 1174 2271 fixum
1205 2231 1247 2270 in
1279 2231 1386 2283 ipso,
1411 2242 1489 2282 per
1510 2227 1634 2280 cujus

94 2309 265 2345 motum
288 2315 518 2355 possemus
542 2302 760 2342 racionem
783 2307 930 2342 motus
953 2301 1087 2354 ipsius
1109 2300 1389 2354 perpendere.

155 2373 206 2413 In
240 2385 356 2425 aqua
383 2378 531 2413 autem
559 2371 675 2412 dixit
703 2377 873 2412 motum
900 2370 1146 2422 predictum
1181 2381 1406 2422 apparere,
1438 2367 1481 2407 in
1514 2366 1638 2406 fluxu

96 2441 258 2484 scilicet
292 2441 436 2491 maris,
470 2441 572 2481 licet
611 2445 758 2481 motus
793 2439 886 2492 ejus
923 2439 978 2479 sit
1013 2437 1281 2491 incomplete
1314 2435 1637 2484 circulacionis;

96 2511 179 2552 hoc
212 2516 361 2550 autem
396 2515 462 2550 est
497 2516 676 2563 propter
718 2508 811 2561 ejus
853 2507 1238 2561 ponderositatem.
1319 2506 1471 2546 Motus
1508 2504 1640 2557 igitur

37 2592 76 2625 35
98 2579 192 2632 ejus
229 2580 285 2620 ad
327 2580 613 2629 occidentem,
650 2578 724 2632 qui
767 2577 1013 2631 appellatur
1063 2575 1222 2626 fluxus,
1262 2581 1329 2616 est
1375 2588 1401 2614 a
1434 2572 1438 2628 Ι
1477 2573 1639 2614 virtute
1662 2593 1756 2626 124a
1776 2593 1803 2616 2.

99 2648 297 2702 predicta
329 2662 428 2702 que,
457 2662 534 2702 pre
566 2648 630 2689 sui
661 2647 901 2697 debilitate,
935 2659 1035 2687 cum
1067 2646 1123 2687 sit
1156 2646 1215 2686 ibi
1248 2644 1435 2686 multum
1469 2647 1639 2684 remota

99 2732 125 2758 a
160 2731 239 2759 sua
272 2717 450 2771 origine,
487 2723 530 2757 et
565 2722 744 2770 propter
774 2730 887 2769 aque
919 2715 1307 2769 ponderositatem,
1338 2727 1422 2766 que
1460 2711 1640 2753 inclinat

144 2818 186 2838 22
211 2806 404 2848 sequentia]
436 2811 620 2846 sequentes
636 2806 677 2836 Μ
763 2816 803 2846 37
830 2806 971 2838 inclinat
989 2809 1064 2837 ante
1080 2810 1221 2845 propter
1239 2804 1280 2834 M
