1945 3079
123 639 165 671 O.
184 647 221 679 31
241 638 274 669 b.

131 713 193 746 109
210 715 229 736 a
246 714 274 737 2.

1022 31 1105 86 378

292 152 437 201 potest
471 145 574 198 quia
605 145 802 186 ociosum
836 150 951 186 esset
984 151 1026 186 et
1059 144 1231 198 frustra,
1264 160 1365 188 cum
1396 160 1483 188 non
1510 146 1694 188 haberet
1723 159 1840 188 com-

291 215 573 269 paracionem
597 221 641 256 et
663 215 859 256 ordinem
884 215 939 256 ad
961 220 1129 256 ceteras
1157 229 1236 256 res.

353 285 467 325 Item
484 285 673 326 mundus
688 283 909 338 perfectus
926 290 993 326 est
1015 284 1118 338 quia
1135 290 1202 326 est
1219 285 1478 327 universitas
1500 299 1659 337 rerum,
1673 299 1779 340 ergo
1801 287 1842 327 ei

293 354 424 395 nichil
447 354 575 395 deest
597 355 718 407 quod
738 354 795 395 sit
818 353 861 394 in
889 367 1033 395 rerum
1058 361 1215 396 natura
1237 361 1500 397 creatarum.

353 424 468 466 Item
503 437 604 464 cum
636 437 822 465 vacuum
857 437 951 464 esse
984 437 1071 464 non
1104 425 1254 478 possit,
1281 430 1330 465 ut
1359 424 1479 478 prius
1501 424 1740 478 probatum
1763 430 1842 477 est,
1863 441 1880 474 5

291 494 632 548 conjungeretur
653 493 824 548 corpori
847 492 1010 535 celesti.
1075 492 1154 535 Set
1186 494 1221 534 si
1250 500 1378 547 esset,
1407 493 1538 547 plane
1565 492 1704 547 figure
1729 499 1845 535 esset

291 577 480 605 vacuum
515 576 592 617 per
624 563 807 604 terciam
846 563 971 616 primi
1003 562 1271 614 Theodosii3
1303 563 1340 604 si
1371 576 1475 604 vero
1511 563 1696 620 sperice,⁴
1730 569 1845 604 esset

292 646 481 674 vacuum
517 645 595 685 per
635 638 737 672 mam
770 632 892 673 tercii
926 632 1258 674 Elementorum
1283 631 1479 673 Euclidis
1507 630 1513 687 1
1541 665 1549 682 ,
1580 633 1615 672 si
1638 645 1844 683 concave,

291 701 585 743 circumdaret
605 700 748 742 celum
773 707 816 742 et
848 709 965 744 esset
995 703 1050 744 de
1073 708 1230 743 natura
1258 700 1264 757 Ι
1292 701 1489 761 celorum
1513 708 1559 743 et
1581 701 1637 742 de
1659 715 1844 743 numero

294 785 447 813 eorum
470 778 514 813 et
536 773 597 813 sic
619 785 720 825 pars
743 771 911 824 mundi,
933 778 1011 813 aut
1033 778 1150 813 esset·
1171 785 1360 813 vacuum
1383 772 1418 812 si
1440 785 1527 813 non
1550 771 1844 814 circumdaret
1868 788 1908 810 10

294 841 450 892 celum,
474 847 522 882 ut
544 847 680 894 patet.

355 910 470 951 Item
500 924 590 951 non
618 917 732 952 esset
763 924 897 964 grave
926 923 1005 951 nec
1027 909 1125 952 leve
1150 910 1254 964 quia
1278 916 1406 951 extra
1430 911 1643 952 mundum
1665 924 1755 952 non
1777 917 1845 952 est

295 992 465 1020 sursum
489 992 569 1020 nec
591 980 813 1027 deorsum,
831 993 910 1021 nec
934 986 1051 1021 esset
1074 980 1190 1020 enim
1214 993 1358 1033 neque
1380 993 1513 1034 grave
1526 979 1595 1020 vel
1618 979 1726 1031 leve,
1742 980 1846 1033 quia

295 1054 400 1090 tunc
422 1054 537 1089 esset
554 1048 712 1099 celum,
727 1062 833 1102 ergo
851 1049 906 1089 de
923 1048 1158 1090 celestibus
1181 1054 1302 1090 esset⁴
1320 1055 1362 1090 et
1386 1049 1498 1090 inter
1519 1055 1668 1102 partes
1690 1049 1845 1090 mundi

293 1123 640 1171 computaretur,
673 1124 717 1158 et
749 1123 863 1158 esset
890 1117 1095 1158 ultimum
1130 1117 1273 1158 celum
1307 1117 1587 1159 circumdans
1615 1117 1738 1172 alios,
1767 1123 1845 1160 aut
1870 1131 1906 1165 15

295 1193 410 1228 esset
431 1200 620 1228 vacuum
645 1200 724 1240 per
741 1187 1124 1229 consideraciones
1147 1187 1304 1229 dictas.

354 1254 401 1296 Si
423 1269 527 1297 vero
557 1256 728 1297 dicatur
758 1257 879 1308 quod
908 1257 1022 1298 bene
1048 1263 1199 1310 posset
1221 1256 1330 1298 alios
1357 1256 1474 1298 celos
1495 1257 1781 1310 circumdare,
1802 1262 1847 1299 et

294 1331 446 1365 tamen
467 1338 555 1365 non
578 1331 706 1376 esset,
730 1332 778 1366 ut
807 1331 943 1379 patet,
965 1339 1065 1379 pars
1089 1326 1242 1367 mundi
1273 1340 1352 1367 nec
1381 1326 1494 1367 inter
1513 1326 1630 1367 celos
1652 1340 1834 1381 compu-

294 1393 496 1443 tandum,
528 1394 642 1447 quia,
674 1395 709 1435 si
739 1395 944 1444 mundus,
976 1394 1112 1436 habet
1142 1395 1352 1448 quicquid
1385 1395 1519 1437 debet
1541 1395 1717 1445 habere,
1741 1409 1847 1450 ergo

297 1463 333 1504 si
355 1462 520 1516 aliquid
544 1468 672 1504 extra
698 1469 813 1504 esset
834 1477 920 1504 non
944 1469 1059 1504 esset
1075 1464 1130 1505 de
1154 1465 1344 1506 mundo:
1379 1465 1615 1506 dicendum
1639 1471 1706 1506 est
1725 1465 1845 1519 quod
1870 1478 1911 1501 20

297 1532 562 1587 inplicantur
592 1534 798 1588 opposita
829 1534 950 1587 quod
981 1534 1173 1575 mundus
1208 1535 1265 1577 sit
1290 1533 1509 1588 perfectus
1532 1542 1575 1576 et
1601 1535 1768 1589 aliquid
1790 1536 1848 1577 sit

297 1609 427 1643 extra
459 1603 577 1656 quod
610 1616 699 1644 non
732 1603 787 1645 sit
816 1617 918 1656 pars
950 1604 1119 1655 mundi,
1148 1605 1251 1658 quia
1281 1605 1470 1646 mundus
1492 1611 1557 1646 est
1581 1605 1840 1647 universitas

298 1686 441 1713 rerum
474 1678 517 1713 et
549 1672 651 1714 ideo
680 1672 815 1714 nichil
849 1673 892 1713 in
924 1679 1080 1714 natura
1113 1687 1257 1714 rerum
1296 1679 1542 1716 creatarum
1582 1675 1716 1716 debet
1754 1688 1849 1716 esse

298 1746 441 1782 extra.

358 1809 473 1851 Item
497 1817 735 1864 postquam
768 1817 944 1864 oportet
976 1813 1094 1866 quod
1128 1812 1184 1854 sit
1210 1813 1377 1866 sperice
1406 1818 1450 1853 et
1472 1826 1663 1856 concave
1695 1812 1845 1868 figure,
1871 1832 1910 1866 25

298 1891 403 1933 ergo
426 1892 578 1920 omnes
601 1879 714 1920 linee
731 1894 756 1921 a
778 1887 931 1922 centro
953 1882 1010 1922 ad
1032 1881 1359 1923 concavitatem
1382 1888 1484 1923 sunt
1507 1881 1698 1936 equales,
1720 1889 1764 1924 et
1788 1882 1850 1924 ita

299 1948 475 2001 respicit
511 1954 710 1989 centrum
752 1950 1047 1992 essencialiter
1070 1967 1079 2000 3
1124 1957 1191 1992 set
1224 1951 1342 1992 istud
1380 1951 1497 1992 idem
1537 1958 1602 1993 est
1642 1958 1843 1994 centrum

299 2017 480 2067 mundi3
512 2017 645 2058 nichil
668 2024 817 2058 autem
841 2025 991 2072 potest
1020 2027 1218 2061 centrum
1251 2020 1401 2061 mundi
1426 2020 1640 2075 respicere
1662 2021 1848 2064 essenci-

299 2085 426 2126 aliter
457 2086 539 2126 nisi
572 2100 673 2140 pars
707 2088 873 2136 mundi,
907 2102 1012 2143 ergo
1043 2102 1205 2142 corpus
1234 2088 1318 2130 hoc
1342 2102 1587 2131 concavum
1611 2095 1725 2132 esset
1747 2104 1850 2144 pars

300 2155 468 2206 mundi,
490 2161 534 2196 et
556 2156 696 2197 eciam
720 2164 835 2199 esset
857 2171 956 2211 pars
978 2163 1135 2199 nature
1157 2157 1343 2209 celestis,
1362 2159 1465 2212 quia
1487 2159 1697 2202 circulare
1719 2165 1848 2210 esset,
1871 2177 1913 2210 30

300 2229 343 2264 et
366 2224 467 2264 ideo
489 2225 603 2266 inter
624 2225 740 2268 celos
763 2231 1108 2280 computaretur.

360 2293 407 2334 Si
430 2294 599 2335 dicatur
621 2296 739 2348 quod
764 2297 899 2349 possit
922 2297 1086 2338 distare
1103 2297 1198 2338 sine
1219 2311 1358 2338 vacuo
1381 2310 1407 2337 a
1430 2298 1609 2349 mundo,
1633 2298 1844 2352 quoniam

345 2415 362 2444 7
388 2407 611 2447 Theodosii]
637 2407 658 2438 i.
673 2417 694 2446 3
725 2407 784 2439 ‘Si
811 2409 993 2448 sphaeram
1018 2409 1120 2449 plana
1143 2409 1346 2449 superficies
1371 2411 1555 2451 contingat,
1576 2411 1611 2441 in
1630 2420 1700 2441 uno
1718 2414 1850 2442 tantum

301 2464 429 2499 puncto
445 2470 519 2491 eam
536 2461 740 2501 contingere
759 2472 902 2494 necesse
921 2464 999 2494 est.’

350 2575 364 2596 1
390 2567 705 2609 comparacionem]
724 2569 970 2608 operacionem
989 2568 1031 2600 M
1196 2569 1217 2599 6
1242 2572 1335 2600 esset
1345 2568 1416 2611 pn]
1436 2579 1513 2601 esse
1532 2569 1563 2601 O
1664 2585 1672 2590 -
1719 2571 1740 2602 8
1764 2581 1845 2603 con-

302 2617 416 2658 cave,]
434 2628 580 2649 concave
598 2620 718 2661 figure,
738 2625 819 2652 tunc
839 2621 869 2652 O
1025 2622 1045 2651 8
1070 2620 1164 2653 tercii
1180 2632 1246 2652 om.
1266 2621 1309 2652 M
1478 2633 1499 2662 9
1516 2622 1675 2664 numero]
1693 2624 1795 2655 modo
1812 2624 1855 2655 M

306 2679 344 2708 13
371 2680 433 2700 nec
451 2675 545 2701 esset
562 2672 652 2702 enim
671 2671 799 2713 neque]
817 2678 911 2704 esset
926 2673 1017 2705 enim
1036 2673 1078 2704 M
1212 2685 1250 2715 14
1274 2673 1380 2715 inter]
1399 2680 1479 2706 tunc
1496 2674 1539 2705 M
1669 2685 1710 2714 27
1735 2686 1852 2708 essen-

303 2721 448 2762 cialiter]
466 2723 633 2761 equaliter
644 2724 686 2754 M
815 2736 859 2764 30
882 2726 1036 2767 celestis]
1053 2725 1199 2757 celestas
1219 2725 1250 2756 O
