1945 3079
850 124 934 164 449

116 225 412 273 nominantur,
433 225 508 278 qui
532 223 738 265 ecentrici
761 237 861 266 cum
885 223 973 265 suis
995 224 1188 279 epiciclis
1217 225 1442 269 declinant
1464 242 1488 269 a
1510 243 1661 284 supcr-

114 292 212 334 ficie
233 292 396 347 cinguli
428 293 519 334 sive
552 293 670 334 orbis
700 293 940 347 signorum.
1003 293 1226 347 Epiciclus
1259 301 1409 337 autem
1444 297 1569 339 Lune
1596 304 1662 339 est

113 361 157 402 in
199 360 429 416 superficie
469 361 536 402 sui
578 362 801 412 ecentrici,
843 367 910 403 set
951 362 1121 415 epicicli
1163 363 1432 417 reliquorum
1467 367 1662 419 quinque

111 431 332 473 declinant
373 431 428 472 ab
474 444 624 472 eorum
669 431 907 473 ecentricis.
972 432 1090 473 Inest
1135 446 1239 487 ergo
1283 434 1411 475 Lune
1454 434 1527 475 illa
1568 436 1663 476 sola

74 515 92 546 5
112 500 343 542 diversitas
365 500 407 541 in
430 499 662 542 latitudine
678 514 812 554 quam
831 500 965 542 habet
988 516 1014 542 a
1031 501 1334 544 declinacione
1356 504 1422 544 sui
1443 505 1661 556 ecentrici‚

112 568 288 622 reliquis
318 582 424 610 vero
460 569 643 623 dupleX‚
676 569 855 620 scilicet,
888 571 1093 612 ecentrici
1125 571 1182 612 ab
1214 571 1320 613 orbe
1351 572 1588 625 signorum,
1617 579 1661 614 et

111 637 281 691 epicicli
303 638 360 679 ab
383 639 613 680 ecentrico.
681 638 755 679 Ex
779 638 853 680 illa
875 653 978 680 vero
1001 640 1257 682 diversitate
1278 654 1365 695 que
1387 642 1498 682 inest
1521 642 1660 683 omni-

114 707 195 748 bus
223 707 526 758 communiter,
559 707 736 760 scilicet,
766 708 942 750 racione
970 709 1308 762 ecentricorum‚
1336 711 1537 764 provenit
1563 711 1659 765 pla-

113 782 312 818 netarum
344 776 536 830 quedam
566 776 705 830 figura
739 792 823 832 que
854 778 1000 819 Draco
1031 778 1295 832 appellatur,
1328 779 1451 833 cujus
1483 781 1659 833 opposi-

51 860 92 884 10
114 852 260 887 torum
289 851 555 900 punctorum
582 845 654 887 ille
676 861 702 887 a
725 860 814 900 quo
837 853 1039 888 centrum
1068 848 1236 902 epicicli
1267 849 1420 902 incipit
1443 849 1661 890 declinare

111 915 455 969 a-septentrione
469 916 630 958 dicitur
646 915 889 967 Genzahar‚
907 917 997 958 sive
1012 923 1144 970 caput
1163 932 1171 969 ;
1199 917 1300 960 huic
1317 925 1466 960 autem
1485 920 1659 973 opposi-

112 990 207 1026 tum
240 983 442 1036 Adeneb,
475 986 567 1026 sive
598 986 751 1027 cauda.
836 985 1009 1027 Octava
1051 1001 1155 1028 vero
1197 1001 1324 1040 spera
1367 994 1569 1030 movetur
1604 989 1660 1029 ab

116 1054 286 1095 oriente
317 1055 373 1095 ad
407 1054 683 1096 occidentem
715 1068 845 1109 super
877 1055 1002 1108 polos
1034 1056 1149 1096 orbis
1181 1057 1407 1111 signorum
1441 1058 1484 1098 in
1516 1058 1658 1098 omni-

111 1123 194 1164 bus
229 1129 407 1164 centum
440 1123 565 1165 annis
604 1137 689 1164 uno
723 1125 879 1177 gradu,
913 1131 956 1165 et
991 1125 1034 1166 in
1067 1124 1222 1178 36,coo
1254 1127 1380 1167 annis
1412 1126 1660 1179 completur

51 1206 89 1239 15
109 1192 203 1246 ejus
226 1193 461 1235 revolucio.
539 1192 686 1246 Quam
711 1193 1035 1235 revolucionem
1059 1201 1264 1236 secuntur
1285 1195 1411 1237 stelle
1438 1209 1592 1237 omnes
1614 1201 1658 1237 et

110 1275 246 1316 auges
269 1262 547 1316 planetarum
579 1262 766 1304 aliorum
799 1277 824 1304 a
858 1263 976 1314 Sole,
1009 1264 1112 1318 quia
1141 1263 1293 1305 Solem
1326 1265 1472 1319 posuit
1500 1266 1656 1306 immo-

109 1331 258 1382 bilem,
292 1332 409 1373 unde
440 1331 566 1372 stelle
598 1346 682 1385 que
711 1332 918 1373 dicuntur
954 1331 1044 1374 fixe
1070 1331 1075 1389 Ι
1105 1347 1194 1375 non
1227 1334 1328 1375 ideo
1359 1335 1420 1374 sic
1453 1335 1658 1375 dicuntur

109 1401 214 1454 quia
246 1414 333 1442 non
368 1407 638 1450 moveantur,
671 1408 738 1443 set
770 1402 874 1454 quia
904 1401 947 1442 in
977 1402 1052 1443 illo
1083 1409 1205 1444 motu
1239 1402 1536 1444 immutabiles
1568 1404 1658 1444 sive

109 1471 221 1512 fixas
244 1471 433 1513 retinent
454 1471 630 1512 formas.
685 1470 762 1513 Sol
785 1478 935 1513 autem
969 1473 1078 1513 duos
1111 1471 1245 1513 habet
1278 1478 1425 1513 motus
1457 1473 1657 1526 proprios

48 1559 90 1581 20
109 1540 164 1581 ad
187 1541 414 1593 orientem,
439 1554 575 1582 unum
600 1555 731 1595 quem
754 1540 891 1583 habet
913 1542 954 1581 in
981 1542 1087 1582 orbe
1110 1555 1190 1583 suo
1213 1542 1442 1594 ecentrico,
1461 1548 1503 1582 et
1521 1542 1654 1583 alium

109 1609 167 1650 ab
188 1616 346 1652 octava
370 1623 498 1664 spera
521 1611 597 1664 qui
621 1617 687 1652 est
709 1610 752 1651 in
775 1611 981 1652 omnibus
1003 1617 1178 1652 centurn
1203 1611 1328 1652 annis
1351 1625 1463 1652 unus
1485 1613 1656 1664 gradus,

82 1670 86 1673 ¹
108 1680 351 1721 secundum
375 1681 495 1733 quod
518 1680 686 1721 dictum
711 1687 786 1722 est.
846 1679 919 1720 Ex
941 1681 1098 1734 quibus
1121 1681 1295 1722 duobus
1318 1681 1511 1722 motibus
1533 1681 1655 1723 colli-

107 1749 227 1802 gitur
259 1756 407 1790 motus
433 1749 525 1803 ejus
557 1763 634 1803 per
664 1763 794 1802 quem
826 1750 984 1791 transit
1007 1749 1234 1791 zodiacum
1260 1750 1303 1790 in
1327 1750 1411 1805 365
1435 1750 1588 1791 diebus
1612 1757 1656 1792 et

107 1824 267 1872 quarta
283 1818 385 1869 fere,
402 1825 547 1873 preter
562 1819 776 1871 quiddam
791 1819 1085 1872 quantitatem
1103 1819 1356 1861 sensibilem
1373 1833 1461 1861 non
1475 1819 1655 1862 habens.

47 1905 86 1938 25
171 1889 302 1930 Luna
333 1902 436 1929 vero
468 1888 603 1929 habet
636 1888 832 1942 quinque
865 1894 1013 1930 motus
1045 1888 1401 1931 revolucionales.
1485 1889 1655 1930 Primus

108 1971 301 2012 namque
331 1964 480 1999 motus
517 1964 583 1998 est
619 1972 677 1999 ex
712 1963 837 1998 motu
872 1958 1066 2011 corporis
1101 1958 1238 2008 Lune,
1272 1972 1405 2012 quem
1439 1958 1574 2000 habet
1612 1958 1655 1998 in

109 2026 292 2081 epiciclo
315 2028 372 2068 ad
394 2027 669 2069 occidentem
690 2041 790 2069 curn
813 2033 880 2069 est
903 2027 945 2068 in
969 2034 1095 2080 parte
1116 2027 1341 2081 superiori,
1359 2028 1414 2068 ad
1439 2028 1653 2069 orientem

105 2110 210 2138 vero
236 2111 335 2138 cum
365 2103 433 2138 est
463 2097 506 2137 in
529 2103 654 2150 parte
683 2095 886 2137 inferiori.
952 2095 1184 2138 Secundus
1212 2111 1314 2138 vero
1345 2103 1491 2138 motus
1521 2111 1653 2151 quem

107 2166 242 2207 habet
265 2166 393 2207 Luna
415 2172 482 2207 est
500 2180 558 2206 ex
581 2172 704 2207 motu
728 2166 864 2207 centri
880 2165 1048 2220 epicicli
1067 2166 1109 2206 in
1129 2165 1352 2207 deferente
1370 2166 1425 2207 ad
1441 2166 1652 2207 orientem

44 2250 86 2282 30
105 2234 199 2290 <qui
216 2241 282 2277 est
303 2247 354 2289 13
372 2235 534 2289 gradus
553 2235 594 2276 in
613 2235 684 2276 die
702 2241 744 2275 et
763 2235 924 2289 nocte).
972 2235 1153 2276 Tercius
1172 2242 1236 2277 est
1254 2249 1386 2290 quern
1405 2235 1540 2277 habet
1555 2248 1653 2277 cen-

105 2313 222 2348 trum
246 2305 481 2348 deserentis
504 2305 546 2346 in
569 2305 764 2358 quodam
788 2305 948 2347 circulo
971 2319 1107 2359 parvo
1130 2305 1203 2358 qui
1226 2312 1399 2346 tantum
1423 2304 1655 2358 elongatur

103 2390 130 2418 a
161 2383 314 2418 centro
351 2381 466 2417 terre
497 2381 712 2429 quantum
747 2380 945 2415 centrum
977 2375 1196 2426 ecentrici,
1225 2381 1269 2416 et
1295 2375 1478 2416 revolvit
1505 2388 1652 2416 secum

103 2459 262 2499 augem
294 2445 527 2486 deferentis
558 2445 612 2485 ad
639 2444 913 2485 occidentem
943 2444 1148 2484 undecim
1178 2444 1389 2497 gradibus
1420 2450 1464 2485 et
1493 2457 1652 2485 novem

103 2515 298 2566 minutis,
316 2521 360 2556 et
381 2514 451 2555 hic
473 2521 539 2556 est
562 2520 709 2555 motus
731 2513 856 2567 augis
879 2512 1114 2555 deferentis
1134 2514 1175 2554 in
1193 2514 1455 2554 contrariam
1480 2520 1651 2566 partem

42 2598 80 2631 35
102 2572 238 2626 centri
258 2584 440 2638 epicicli.
474 2583 670 2637 Quartus
688 2589 753 2624 est
772 2597 903 2636 quem
919 2582 1054 2623 habet
1070 2596 1127 2623 ex
1145 2589 1268 2623 motu
1287 2582 1443 2636 capitis
1457 2589 1500 2624 et
1515 2583 1654 2624 caude

102 2653 158 2694 ad
174 2653 539 2707 occidentem‚qui
555 2658 621 2694 est
638 2659 785 2693 motus
799 2652 1001 2705 equantis
1013 2651 1140 2692 Lune
1155 2652 1212 2693 ad
1229 2652 1501 2694 occidentem
1517 2652 1654 2693 tribus

144 2755 208 2784 4-7
236 2743 352 2776 Inest.
371 2768 378 2776 .
401 2769 407 2776 .
425 2744 599 2775 ecentrico
614 2754 679 2774 om.
700 2742 730 2775 S
840 2752 861 2782 9
886 2740 1117 2782 planetarum]
1136 2742 1311 2782 planarum
1330 2741 1372 2772 Μ
1476 2743 1514 2772 16
1538 2741 1654 2782 plane-

101 2804 212 2830 tarum
226 2799 386 2840 aliorum]
401 2800 554 2840 polorum
569 2799 753 2839 aliquorum
767 2797 797 2829 S
835 2798 967 2840 Solem]
984 2808 1104 2837 augern
1122 2797 1211 2829 Solis
1226 2796 1255 2828 S
1343 2807 1384 2837 33
1410 2798 1546 2839 novem]
1567 2797 1599 2835 xj
1617 2797 1658 2828 M

169 2885 268 2903 R.B.1v
832 2868 865 2899 II
889 2859 917 2900 h

1681 1350 1776 1381 132a
1797 1351 1824 1374 1.
