1945 3079
121 1769 183 1806 127
203 1774 222 1794 a
242 1771 268 1793 Ι.

1030 49 1119 93 434

299 157 387 196 duo
405 168 590 208 corpora
615 167 709 195 6556
733 153 774 194 10
799 153 956 194 6οἀ601
980 151 1089 203 1060,
1108 152 1177 195 vel
1198 166 1386 194 vacuum
1410 167 1514 194 esse.
1578 152 1692 194 Aliis
1714 154 1852 195 eciam

300 224 550 265 racionibus
588 223 783 264 ostendit
816 220 1087 264 Aristoteles
1119 222 1202 264 hoc
1235 223 1277 263 in
1314 223 1427 264 libro
1471 222 1563 265 Celz'
1595 229 1639 264 et
1673 222 1852 264 Mundi.

299 294 346 336 Si
380 294 515 347 igitur
547 293 724 347 planete
756 293 1013 334 describunt
1048 292 1287 334 ecentricos
1323 292 1394 333 vel
1426 293 1643 347 epiciclos‚
1677 305 1854 333 0666556

297 370 362 405 est
401 377 564 417 ponere
602 362 700 404 illos
735 363 778 403 in
821 362 933 403 alico
976 375 1170 415 corpore,
1203 375 1281 416 per
1312 361 1436 415 cujus
1472 369 1643 404 motum
1673 362 1854 414 planeta

299 439 543 474 moveatur.
623 432 726 472 Non
747 431 862 473 enim
883 431 1196 474 ‘describuntur
1225 431 1373 472 circuli
1396 431 1525 481 tales,
1548 431 1631 472 nisi
1655 445 1680 471 a
1702 437 1853 472 centro
1873 449 1891 481 5

297 502 504 556 planete;
537 508 582 542 et
611 508 811 543 centrum
846 514 933 542 non
969 507 1184 549 movetur,
1214 500 1297 541 ‘nisi
1331 514 1407 555 per
1441 497 1619 546 motum,
1645 501 1853 554 corporis,

296 572 473 621 scilicet,
496 572 620 626 cujus
643 577 709 612 est
732 576 931 612 centrum
951 587 959 620 3
993 577 1036 611 et
1063 570 1242 624 planete
1271 575 1360 611 non
1386 577 1630 622 moventur,
1652 575 1700 610 ut
1732 569 1852 623 prius

296 648 523 683 ostensum
556 647 636 692 est,
671 641 753 682 nisi
790 655 868 695 per
905 646 1077 681 motum
1110 640 1176 680 sui
1208 640 1338 683 orbis.
1388 639 1435 681 Si
1469 639 1601 694 igitur
1632 641 1851 693 ponamus

296 712 565 753 ecentricum
609 712 666 752 ab
707 710 857 764 aliquo
900 710 1179 763 planetarum
1222 709 1506 763 descriptum,
1558 723 1735 751 0666556
1785 715 1853 750 est

296 794 460 834 ponere
501 781 654 822 orbem
698 780 1043 830 concentricum,
1086 793 1163 833 per
1205 780 1327 833 cujus
1373 775 1544 821 motum
1589 780 1853 820 describitur
1873 795 1914 817 10

295 851 538 892 ecentricus
568 865 594 891 a
626 856 778 891 centro
801 851 989 905 planete.
1053 849 1113 891 Et
1146 849 1348 890 similiter
1380 862 1556 891 necesse
1589 855 1656 890 est
1687 862 1852 903 ponere

295 920 526 974 epiciclum
558 920 768 961 circulum
803 919 986 972 alicujus
1018 919 1214 973 corporis
1248 918 1440 969 rotundi,
1461 919 1503 959 in
1541 932 1630 972 quo
1662 919 1852 960 situatur

294 990 486 1044 planeta,
530 1003 608 1043 per
644 988 768 1042 cujus
803 995 974 1029 motum
1007 989 1121 1029 circa
1156 994 1354 1028 centrum
1389 988 1615 1041 proprium
1649 994 1851 1029 movetur

295 1058 485 1111 planeta,
508 1058 796 1100 describendo
820 1057 1031 1099 circulum
1056 1057 1130 1110 qui
1153 1057 1313 1098 dicitur-
1334 1057 1554 1110 epiciclus.
1600 1056 1678 1099 Set
1699 1057 1850 1112 hujus-

296 1129 415 1170 modi
451 1143 615 1183 ponere
652 1142 838 1181 corpora
881 1134 947 1168 est
990 1127 1272 1182 inpossibile3
1317 1141 1450 1181 quare
1483 1127 1749 1182 inpossibilis
1782 1134 1848 1185 est
1871 1147 1909 1180 15

294 1198 462 1251 posicio
487 1198 810 1239 ecentricorum
833 1197 902 1238 vel
926 1197 1221 1251 epiciclorum.

352 1267 486 1321 Quod
510 1275 660 1308 autem
679 1267 934 1320 inpossibile
952 1267 1008 1308 sit
1025 1279 1190 1320 ponere
1207 1267 1359 1307 orbem
1377 1267 1643 1308 ecentricum
1662 1266 1847 1322 alicujus

291 1337 481 1390 planete,
505 1337 680 1378 videtur
711 1350 788 1390 per
818 1336 913 1386 hoc,
936 1336 1056 1389 quod
1086 1343 1191 1377 tunc
1221 1343 1337 1377 esset
1365 1349 1544 1378 0666556
1575 1350 1734 1391 corpus
1766 1336 1848 1378 celi

290 1421 386 1448 esse
408 1406 638 1457 divisibile,
660 1406 727 1446 vel
750 1407 838 1446 duo
861 1419 1045 1460 corpora
1068 1419 1162 1446 esse
1185 1406 1227 1446 in
1250 1407 1408 1448 eodem
1432 1406 1544 1457 loco,
1565 1407 1634 1447 vel
1656 1420 1845 1448 vacuum

290 1490 398 1517 esse.
463 1474 796 1529 Consequencia
814 1482 938 1529 patet
961 1489 1038 1529 per
1059 1475 1156 1526 hoc,
1174 1476 1294 1529 quod
1312 1475 1430 1516 orbis
1448 1476 1690 1517 ecentricus
1711 1476 1847 1519 habet
1868 1491 1910 1513 20

291 1552 462 1600 partem
485 1546 678 1599 aliquam
703 1546 795 1599 ejus
823 1545 1019 1586 maxime
1048 1545 1304 1598 elongatam
1334 1559 1360 1585 a
1385 1552 1511 1595 terra,
1534 1551 1577 1586 et
1607 1545 1645 1585 ei
1669 1547 1846 1600 opposi-

290 1622 382 1656 tam
407 1616 602 1656 maxime
625 1615 1019 1669 approximatam.·
1082 1615 1142 1656 Et
1166 1615 1365 1656 similiter
1387 1627 1564 1656 0666556
1586 1622 1653 1657 est
1675 1616 1717 1656 in
1739 1615 1847 1656 orbe

289 1685 432 1738 ipsum
456 1685 724 1735 continente,
740 1685 950 1738 quoniam
973 1698 1151 1726 necesse
1173 1691 1239 1726 est
1262 1684 1539 1739 superficiem
1568 1698 1815 1726 convexam
1837 1683 1842 1740 Ι

289 1755 484 1807 corporis
506 1755 703 1795 contenti
727 1760 770 1794 et
794 1767 1031 1796 concavam
1055 1754 1320 1796 continentis
1341 1754 1472 1796 simul
1497 1768 1604 1805 esse,
1628 1755 1710 1796 nisi
1733 1755 1845 1796 inter

290 1824 419 1864 orbes
453 1823 581 1864 fuerit
613 1837 814 1873 vacuum,
839 1830 916 1865 aut
949 1837 1107 1878 corpus
1138 1824 1316 1865 alterius
1349 1831 1517 1866 nature.
1579 1824 1692 1866 Cum
1714 1824 1846 1879 igitur
1865 1846 1904 1878 25

291 1899 492 1933 movetur
534 1893 651 1933 orbis
690 1893 932 1934 ecentricus
975 1899 1109 1942 totus,
1141 1900 1219 1935 aut
1254 1907 1431 1936 necesse
1469 1900 1535 1936 est
1569 1894 1689 1948 quod
1727 1893 1844 1936 orbis

289 1962 518 2003 continens
549 1962 693 2016 equali
725 1962 960 2004 velocitate
993 1970 1233 2013 moveatur,
1263 1964 1382 2018 quod
1416 1964 1558 2006 nullus
1591 1965 1727 2018 ponit,
1748 1965 1844 2006 visu

289 2038 484 2072 testante
526 2032 793 2073 contrarium
836 2032 917 2073 sibi
969 2034 1330 2087 suprapositum;
1386 2040 1462 2076 aut
1505 2041 1682 2088 oportet
1722 2035 1843 2089 quod

290 2101 521 2154 longitudo
548 2102 641 2155 ejus
672 2102 852 2156 longior,
881 2102 1124 2156 cuicunque
1153 2104 1267 2156 parti
1299 2103 1417 2145 orbis
1446 2104 1712 2146 continentis
1743 2118 1843 2159 sup-

291 2176 495 2224 ponatur,
530 2170 711 2224 inpellat
743 2178 917 2224 partem
951 2172 1069 2213 orbis
1102 2173 1368 2214 continentis
1400 2173 1482 2214 sibi
1515 2173 1840 2228 suprapositam
1862 2192 1904 2224 30

290 2253 377 2293 que
410 2247 476 2281 est
510 2240 797 2294 propinquior
825 2247 937 2281 terre
974 2255 999 2282 a
1033 2237 1113 2282 suo
1146 2241 1255 2291 loco,
1290 2241 1528 2283 dividendo
1559 2242 1732 2294 celum3
1764 2248 1842 2283 aut

289 2310 409 2361 quod
426 2309 553 2350 simul
574 2310 807 2363 recipiatur
824 2324 924 2351 cum
941 2311 1035 2364 ipsa
1056 2324 1063 2360 ;
1087 2316 1130 2351 et
1150 2311 1192 2350 in
1208 2317 1332 2363 parte
1347 2311 1565 2365 opposita,
1583 2325 1760 2353 necesse
1774 2318 1841 2353 est

290 2378 472 2432 relinqui
495 2393 697 2431 vacuum,
714 2379 782 2420 vel
806 2380 948 2421 celum
968 2378 1171 2427 ramfieri,
1195 2379 1484 2433 adimplendo
1507 2381 1705 2434 spacium
1729 2381 1842 2422 inter

289 2447 611 2502 longitudinem
635 2449 887 2503 propiorem
913 2449 1031 2490 orbis
1049 2449 1317 2491 continentis
1339 2455 1383 2490 et
1405 2462 1563 2504 corpus
1580 2450 1818 2492 continens.

349 2517 428 2559 Set
457 2518 538 2559 hec
569 2518 697 2568 racio,
729 2524 776 2559 ut
807 2518 994 2569 videtur,
1024 2519 1080 2559 de
1105 2518 1219 2559 sacili
1246 2518 1442 2569 solvitur,
1467 2520 1501 2560 51
1530 2520 1840 2574 ymaginemur
1859 2538 1899 2570 35

288 2586 438 2628 orbem
462 2587 726 2629 ecentricum
752 2589 916 2629 moveri
935 2589 1049 2629 circa
1071 2594 1273 2629 centrum
1291 2588 1529 2642 proprium,
1547 2595 1590 2629 et
1613 2602 1700 2630 non
1723 2589 1840 2631 circa

288 2663 485 2697 centrum
528 2657 693 2698 mundi.
774 2658 877 2699 Non
920 2657 1036 2698 enim
1083 2658 1285 2699 accidunt
1326 2657 1444 2698 dicta
1485 2658 1838 2700 inconveniencia

333 2745 352 2764 2
378 2738 457 2767 Geli
475 2739 513 2767 et
530 2736 684 2778 Mundi]
700 2736 721 2769 i.
742 2747 791 2769 10.
