1945 3079
1018 27 1104 83 384

299 153 443 189 totum
460 144 682 199 dependet
697 143 754 185 ab
771 142 871 194 alio,
887 142 1065 193 scilicet,
1084 143 1140 185 ab
1158 148 1318 197 agente
1335 158 1341 182 :
1378 147 1425 183 ut
1445 146 1567 196 patet
1585 141 1628 182 in
1645 141 1848 196 potencia

298 215 479 256 materie
501 214 558 255 ad
583 213 788 265 formam,
811 212 914 266 quia
938 213 1044 254 dum
1066 212 1202 254 habet
1224 225 1370 262 unam,
1394 218 1461 254 est
1489 211 1530 252 in
1558 211 1765 266 potencia
1791 211 1847 253 ad

296 284 579 334 contrariam,
611 289 655 324 et
691 288 797 323 tunc
832 295 921 323 non
960 288 1026 324 est
1059 282 1139 324 hec
1177 282 1382 336 potencia
1416 281 1586 332 frustra,
1624 281 1725 322 licet
1762 293 1849 321 non

298 353 477 407 recipiat
500 353 690 394 formam
708 351 913 393 activam.
956 350 1172 393 Similiter
1186 352 1240 392 de
1255 351 1460 405 potencia
1481 349 1708 391 divisionis
1730 349 1772 390 in
1790 348 1849 390 in-

299 422 473 464 finitum
494 436 579 476 que
602 435 690 463 non
711 427 778 463 est
801 421 963 463 frustra
986 421 1088 462 licet
1110 434 1198 462 non
1216 419 1400 474 recipiat
1427 419 1679 474 hujusmodi
1701 425 1848 460 actum
1867 433 1885 466 5

296 489 534 538 divisionis,
557 494 600 530 et
623 489 684 530 sic
707 489 762 529 de
785 488 880 529 aliis
903 487 1118 542 potenciis
1140 487 1325 541 passivis
1349 492 1392 527 et
1409 485 1625 528 similibus
1642 485 1714 527 eis.
1770 485 1850 527 Set

298 556 505 611 potencia
527 555 722 610 corporis
744 555 900 609 sperici
924 560 972 596 ut
995 554 1288 596 circumdetur
1310 568 1335 595 a
1358 554 1531 609 locante
1553 559 1620 595 est
1642 548 1849 606 aptitudo

300 631 344 667 et
366 626 573 681 potencia
595 639 673 679 per
696 624 879 666 modum
903 624 1078 680 passivi,
1102 624 1206 678 quia
1223 623 1429 678 potencia
1451 622 1536 664 loci
1554 628 1620 664 est
1642 622 1785 663 activa
1806 622 1850 663 in

303 709 356 737 eo
379 695 500 748 quod
523 695 642 748 capit
664 700 708 736 et
731 694 927 735 continet
954 700 998 735 et
1027 700 1259 736 conservat
1283 693 1479 735 locatum
1503 698 1547 734 et
1568 691 1724 734 salvat.
1788 691 1849 733 Et

311 771 494 819 propter
516 764 598 805 hoc
621 764 827 818 potencia
849 763 931 805 loci
950 769 1064 805 esset
1082 762 1240 804 frustra
1258 763 1340 805 nisi
1359 762 1533 814 locaret,
1553 768 1620 804 set
1642 761 1850 816 potencia
1872 781 1912 803 10

307 834 482 876 locandi
519 839 563 874 et
596 833 791 875 maxime
820 839 869 874 ut
899 847 1026 887 spere
1054 846 1141 874 non
1172 838 1238 874 est
1270 833 1424 882 activa,
1457 838 1524 874 set
1555 845 1634 886 per
1666 830 1848 886 modum

309 903 529 957 passivum
545 916 666 957 pure,
689 908 733 943 et
755 903 854 943 ideo
876 916 964 943 non
991 909 1167 956 oportet
1188 903 1309 956 quod
1331 902 1466 943 vadat
1486 902 1543 943 ad
1569 907 1732 943 actum.

358 973 561 1013 Preterea
595 971 696 1013 licet
726 971 769 1011 in
801 971 897 1012 celo
929 972 985 1012 sit
1018 971 1224 1025 aptitudo
1252 971 1308 1012 ad
1337 972 1423 1012 hoc
1455 971 1575 1025 quod
1608 971 1778 1012 locetur
1804 971 1849 1011 in

298 1047 515 1095 quantum
537 1047 605 1082 est
633 1054 804 1094 corpus,
826 1046 976 1082 tamen
1000 1041 1042 1081 in
1071 1046 1290 1094 quantum
1319 1047 1386 1082 est
1409 1040 1551 1082 celum
1575 1046 1618 1082 et
1643 1040 1847 1082 ultimum

300 1124 460 1164 corpus
484 1109 684 1152 naturale
712 1115 756 1151 et
779 1110 994 1164 perfeccio
1016 1110 1204 1152 universi
1228 1123 1316 1151 non
1339 1116 1488 1163 potest
1509 1109 1590 1151 hec
1612 1110 1817 1165 aptitudo
1841 1109 1846 1166 Ι
1871 1127 1882 1148 ι
1890 1126 1908 1158 5

129 1199 186 1221 111
207 1200 226 1221 a
247 1198 275 1222 1.
298 1194 379 1221 nec
405 1179 541 1221 debet
571 1179 721 1220 reduci
751 1180 807 1221 ad
837 1186 986 1221 actum
1017 1180 1220 1234 quamvis
1242 1185 1358 1221 esset
1388 1179 1544 1231 activa,
1565 1180 1668 1234 quia
1690 1179 1848 1222 forcior

123 1258 164 1290 O.
185 1266 225 1299 35
243 1257 275 1289 b.
298 1263 432 1291 causa
454 1255 499 1291 et
521 1254 647 1290 actus
672 1249 860 1291 nobilior
889 1249 1153 1304 supervenit,
1184 1247 1188 1303 Ι
1215 1248 1391 1299 scilicet,
1413 1249 1657 1304 complecio
1680 1256 1724 1291 et
1751 1263 1846 1303 per-

298 1318 435 1360 feccio
459 1319 666 1368 universi,
690 1333 778 1372 que
800 1326 1018 1361 restaurat
1041 1318 1264 1361 defectum
1288 1324 1412 1360 actus
1440 1319 1749 1372 respondentis
1770 1319 1847 1361 tali

300 1388 543 1442 aptitudini
567 1395 772 1442 respectu
790 1389 1198 1431 circumscribentis.

359 1457 418 1498 Et
441 1456 541 1498 ideo
556 1456 626 1498 hic
644 1464 688 1498 et
702 1457 821 1511 prius
843 1458 1104 1512 generaliter
1125 1458 1362 1499 dicendum
1384 1459 1504 1512 quod
1529 1460 1735 1512 potencia
1761 1473 1848 1501 non
1869 1477 1910 1500 20

296 1532 362 1568 est
395 1526 544 1567 ociosa
576 1539 655 1567 nec
688 1526 848 1568 frustra
880 1526 983 1569 licet
1015 1534 1160 1570 careat
1192 1541 1273 1568 suo
1302 1534 1415 1575 actu,
1454 1528 1704 1570 dummodo
1737 1529 1848 1570 alius

298 1602 422 1637 actus
455 1595 647 1637 nobilior
679 1602 723 1637 et
760 1597 902 1650 magis
934 1597 1206 1640 necessarius
1237 1603 1282 1638 et
1313 1597 1406 1637 sine
1435 1610 1524 1650 quo
1553 1611 1620 1638 res
1642 1612 1738 1640 esse
1760 1612 1847 1640 non

298 1670 446 1720 potest
480 1664 794 1717 introducatur,
833 1666 907 1720 qui
945 1672 1071 1708 actus
1107 1680 1195 1707 non
1232 1666 1535 1721 compaciatur
1574 1669 1846 1721 presenciam

295 1741 419 1776 actus
454 1734 763 1787 respondentis
801 1736 1007 1788 potencie
1039 1736 1094 1777 de
1126 1750 1215 1789 qua
1247 1741 1314 1777 est
1347 1735 1528 1777 mencio.
1593 1736 1652 1777 Et
1673 1736 1757 1780 hoc
1779 1745 1846 1781 est

296 1803 380 1853 hic,
402 1810 445 1845 et
468 1803 510 1844 in
535 1803 703 1845 unitate
728 1805 881 1846 mundi
903 1812 947 1847 et
971 1805 1014 1846 in
1039 1805 1188 1847 multis
1210 1805 1316 1846 aliis.
1867 1827 1906 1860 ²5

341 1940 361 1960 2
385 1929 418 1959 in
437 1929 611 1970 potencia]
630 1934 709 1969 apta
728 1929 758 1961 Ο
901 1939 921 1970 3
947 1929 1046 1971 tunc]
1065 1935 1177 1962 tamen
1197 1930 1228 1962 Ο
1372 1941 1436 1972 4-5
1461 1931 1601 1964 formam
1620 1956 1628 1964 .
1649 1956 1657 1965 .
1677 1957 1685 1966 .
1703 1934 1847 1974 recipiat

296 1991 365 2013 om.
378 1981 421 2011 M
510 1991 548 2012 12
567 1981 757 2023 passivum]
770 1982 897 2023 passivi
912 1982 942 2013 O
1028 1992 1066 2022 13
1084 1983 1126 2014 ad
1138 1983 1201 2014 hoc
1215 1982 1322 2025 quod]
1340 1984 1365 2015 it
1378 1988 1436 2016 aut
1450 1984 1480 2016 Ο
1558 1987 1598 2017 16
1614 1985 1723 2017 activa
1735 1996 1803 2018 om.
1816 1985 1848 2016 O

302 2034 341 2064 18
365 2043 431 2073 que
449 2043 514 2064 om.
533 2033 576 2064 M
720 2044 762 2074 19
787 2034 1118 2077 circumscribentis]
1136 2036 1474 2077 circumscripcionis
1493 2037 1524 2069 Ο
