1945 3079
116 643 177 674 130
194 644 213 665 a
232 643 259 665 2.

1010 35 1096 74 444

283 157 373 185 rem
397 143 638 184 secundum
662 141 802 181 visum
826 154 851 181 a
873 145 1002 188 terra,
1025 145 1068 180 et
1090 138 1275 180 aliorum
1307 138 1583 193 planetarum
1607 137 1713 179 dicit
1734 150 1829 178 esse

283 212 491 266 possibile
513 210 682 252 salvari.
737 210 798 251 Et
823 209 1113 263 Alpetragius
1135 222 1322 262 sequens
1345 222 1462 259 eum,
1478 215 1522 250 et
1545 208 1691 250 forsan
1715 207 1830 248 exci-

282 288 402 323 tatus
441 295 518 336 per
551 280 720 321 radices
756 278 999 332 Averroys,
1036 278 1224 319 deduxit
1260 292 1333 320 eas
1370 278 1413 319 in
1451 292 1594 319 ramos
1626 283 1670 318 et
1701 276 1830 317 flores

284 357 325 391 et
350 351 514 391 fructus
537 349 727 403 pulcros.
792 347 840 389 Si
864 347 996 401 igitur
1025 347 1244 388 naturales
1272 347 1573 388 mathematici
1596 352 1831 400 sequentes

282 420 376 460 vias
398 426 553 460 nature
576 418 778 459 nituntur
800 423 848 458 ut
865 417 1039 458 solvant
1058 417 1321 470 apparencia
1338 416 1449 457 sicut
1471 416 1565 470 puri
1590 415 1832 456 mathema·
1853 433 1870 465 5

283 488 358 529 tici
380 489 633 542 ignorantes
665 486 893 536 naturalia,
925 491 968 526 et
992 499 1167 539 semper
1190 485 1358 526 salvant
1387 480 1607 532 naturales
1633 484 1830 533 ordinem

284 564 329 599 et
350 558 576 612 principia,
599 569 679 597 nec
702 555 1004 597 mathematici
1028 555 1123 608 puri
1146 555 1378 595 destruunt
1405 568 1456 595 ea
1475 567 1484 603 ;
1516 554 1691 595 videtur
1712 551 1832 607 quod

285 628 439 669 melius
460 634 526 668 est
543 640 707 682 ponere
724 626 836 667 sicut
854 625 1086 675 naturales,
1104 624 1203 666 licet
1221 623 1507 666 deficeremus
1534 622 1539 679 Ι
1567 637 1593 664 a
1607 621 1832 664 solucione

284 695 606 748 sophismatum
630 694 841 735 alicorum
864 693 921 733 ad
947 706 1032 746 que
1053 705 1204 733 sensus
1234 691 1376 745 magis
1404 704 1538 744 quam
1561 690 1678 731 racio
1701 690 1831 730 ducit.

287 764 555 817 Principium
590 763 708 803 enim
742 769 808 804 est
841 762 883 802 in
918 761 1190 802 naturalibus
1229 768 1273 802 et
1306 760 1643 801 mathematicus
1674 758 1835 812 accipit
1856 777 1896 800 10

285 849 310 876 a
347 833 548 885 naturali,
586 839 634 874 ut
669 837 790 885 patet
824 846 882 873 ex
917 831 1029 872 libro
1067 831 1338 872 Albumasar
1363 830 1414 871 de
1439 827 1835 884 Comwzccionibus,

285 903 407 956 quod
434 907 580 942 motus
601 901 767 954 triplex
803 907 892 942 est:
931 900 1181 954 principalis
1218 914 1244 941 a
1276 899 1423 940 medio
1457 899 1513 940 ad
1548 898 1759 947 medium,
1791 902 1835 937 et

286 973 401 1013 circa
435 971 645 1022 medium,
673 976 717 1011 et
748 971 959 1023 accipitur
990 969 1060 1010 hic
1091 970 1286 1010 medium
1319 968 1471 1009 mundi
1505 968 1548 1008 in
1579 966 1764 1015 duobus,
1792 971 1836 1006 et

288 1042 389 1082 ideo
405 1041 447 1080 in
462 1041 598 1081 tercio
613 1053 712 1081 cum
729 1039 891 1080 dicitur
908 1039 1021 1080 circa
1037 1039 1245 1088 medium,
1264 1038 1339 1091 qui
1363 1044 1510 1079 motus
1528 1036 1837 1090 appropriatur

287 1111 384 1152 celo
406 1110 606 1151 similiter
627 1123 704 1164 per
726 1109 986 1150 divisionem
1002 1107 1095 1161 ejus
1117 1108 1173 1148 ab
1191 1107 1421 1149 elementis
1444 1120 1530 1161 que
1551 1121 1578 1148 a
1600 1105 1745 1146 medio
1766 1103 1836 1162 vel
1858 1122 1895 1153 15

289 1181 345 1221 ad
370 1180 566 1220 medium
591 1185 834 1219 moventur.
900 1177 1187 1232 Quapropter
1209 1177 1462 1218 conveniret
1488 1176 1572 1217 hoc
1598 1175 1719 1216 omni
1742 1173 1836 1215 celo

288 1256 332 1291 et
369 1249 490 1291 omni
527 1248 702 1302 corpori
740 1247 902 1289 celesti.
966 1247 1093 1297 Item,
1136 1247 1170 1287 si
1206 1260 1295 1287 non
1328 1247 1385 1287 sit
1420 1246 1493 1298 ita,
1526 1251 1592 1287 set
1624 1245 1680 1286 sit
1718 1243 1837 1285 aliud

288 1325 488 1360 centrum
511 1318 662 1358 mundi
685 1333 693 1365 ;
726 1324 828 1358 tunc
851 1323 1028 1370 oportet
1049 1316 1170 1370 quod
1194 1330 1352 1370 corpus
1384 1322 1554 1356 motum
1587 1315 1702 1356 circa
1729 1312 1836 1353 illud

289 1388 409 1429 aliud
431 1394 628 1428 centrum
662 1387 902 1440 aliquando
931 1385 988 1427 sit
1020 1386 1252 1435 remocius,
1275 1385 1514 1438 aliquando
1536 1382 1840 1438 propinquius,

289 1463 491 1511 respectu
525 1457 661 1497 centri
699 1456 864 1497 mundi.
929 1454 1009 1496 Set
1041 1469 1134 1496 esse
1167 1455 1405 1507 aliquando
1441 1454 1571 1495 cicius
1603 1451 1840 1506 aliquando
1860 1469 1900 1491 20

292 1527 508 1568 remocius
544 1540 569 1566 a
605 1531 755 1567 centro
793 1525 944 1565 mundi
986 1537 1074 1565 non
1116 1530 1263 1578 potest
1305 1537 1399 1564 esse
1441 1523 1522 1563 nisi
1559 1536 1636 1577 per
1667 1528 1838 1563 motum

292 1602 460 1637 rectum
493 1594 561 1635 vel
596 1593 894 1646 compositum
928 1607 985 1633 ex
1028 1599 1150 1634 recto
1187 1599 1231 1634 et
1268 1591 1473 1645 circulari,
1511 1605 1616 1645 ergo
1652 1603 1841 1645 corpora

289 1665 467 1707 celestia
499 1670 603 1704 nata
635 1669 736 1703 sunt
759 1663 898 1703 altero
930 1663 1116 1703 istorum
1151 1663 1330 1704 moveri.
1405 1661 1540 1715 Quod
1561 1667 1628 1702 est
1650 1659 1838 1714 inpossi-

290 1734 389 1784 bile,
425 1733 527 1786 quia
558 1740 665 1773 tunc
695 1732 763 1773 vel
796 1737 942 1773 essent
978 1732 1127 1786 gravia
1155 1731 1223 1772 vel
1257 1731 1369 1772 levia
1402 1731 1469 1772 vel
1503 1730 1750 1784 composita
1781 1742 1840 1769 ex

291 1810 448 1844 natura
488 1802 632 1856 gravis
673 1809 716 1843 et
759 1801 876 1849 levis,
919 1808 996 1842 aut
1029 1815 1087 1842 ex
1131 1807 1287 1841 natura
1323 1801 1409 1842 alia
1444 1800 1502 1841 ab
1537 1800 1613 1848 eis,
1654 1805 1732 1840 aut
1763 1811 1841 1852 per
1862 1812 1901 1845 25

291 1873 556 1914 violenciam
589 1871 825 1911 haberetur
857 1871 965 1912 illud
998 1871 1116 1924 quod
1150 1870 1317 1911 habent
1359 1870 1527 1911 directo
1560 1875 1698 1911 motu.
1761 1867 1841 1909 Set

290 1942 507 1983 violencia
529 1954 617 1982 non
640 1947 706 1982 est
729 1941 772 1981 in
802 1940 1049 1988 celestibus,
1073 1946 1121 1980 ut
1147 1938 1414 1981 Aristoteles
1435 1939 1529 1980 vult
1555 1938 1665 1979 libro
1693 1937 1784 1980 Celz'
1800 1943 1844 1978 et

292 2011 463 2052 Mundi
480 2016 524 2051 et
546 2019 703 2052 octavo
725 2010 1003 2051 Plzz'sz'corum
1026 2024 1035 2060 ;
1067 2017 1110 2050 et
1134 2015 1258 2062 patet
1280 2009 1400 2062 quod
1424 2007 1555 2050 nichil
1577 2014 1840 2062 perpetuum

293 2087 359 2121 est
397 2079 652 2122 violentum.
719 2080 831 2121 Item
864 2079 1128 2120 Aristoteles
1169 2086 1323 2120 contra
1356 2078 1653 2133 pluralitatem
1689 2075 1842 2117 mundi

294 2150 438 2204 arguit
481 2149 606 2204 plura
650 2149 794 2190 media
837 2149 990 2189 mundi
1033 2161 1128 2189 esse
1168 2148 1382 2189 naturalia
1419 2148 1454 2188 si
1498 2147 1651 2188 mundi
1693 2151 1843 2187 centra
1863 2159 1904 2191 30

295 2226 440 2261 essent
475 2218 613 2273 plura,
637 2224 681 2259 et
711 2219 746 2259 si
778 2218 904 2272 plura
933 2218 1021 2259 sint
1049 2219 1194 2259 media
1229 2218 1376 2272 plures
1405 2223 1551 2263 essent
1587 2222 1713 2258 terre.
1763 2214 1843 2257 Set

295 2289 491 2329 medium
529 2288 634 2329 illud
678 2289 831 2329 mundi
872 2293 939 2328 est
981 2287 1177 2328 medium
1219 2286 1366 2328 circuli
1413 2292 1456 2327 et
1493 2299 1617 2340 spere
1658 2285 1844 2336 celestis,

295 2364 566 2412 quapropter
587 2371 673 2398 non
698 2364 845 2410 potest
869 2357 1063 2398 medium
1090 2369 1166 2397 seu
1196 2363 1396 2397 centrum
1427 2354 1628 2396 naturale
1650 2355 1844 2409 corporis

296 2427 467 2469 celestis
484 2440 578 2468 esse
597 2427 676 2467 nisi
695 2427 751 2467 sit
769 2433 967 2467 centrum
983 2426 1136 2467 mundi
1155 2425 1349 2479 alicujus,
1365 2432 1412 2466 ut
1428 2424 1553 2465 istius
1567 2424 1635 2465 vel
1653 2424 1841 2466 alterius.

296 2497 370 2540 Sic
404 2503 470 2537 est
507 2502 707 2537 centrum
742 2495 978 2549 multiplex
1014 2495 1213 2536 naturale
1251 2495 1332 2536 erit
1364 2500 1481 2535 terra
1515 2494 1762 2547 multiplex,
1795 2499 1845 2535 ut
1864 2500 1903 2534 35

343 2586 378 2605 11
405 2578 630 2607 Albumasar
646 2577 691 2606 de
709 2575 1096 2616 conjunccionibus].
1114 2575 1286 2615 ..primus
1299 2578 1409 2604 motus
1428 2573 1631 2604 naturalium
1641 2577 1845 2604 moveretur

296 2638 399 2667 super
427 2628 586 2668 medium,
614 2632 725 2658 motus
750 2633 865 2658 autem
893 2628 1068 2659 secundus
1097 2631 1294 2658 moveretur
1325 2637 1345 2657 a
1372 2626 1494 2666 medio,
1521 2630 1555 2656 et
1583 2629 1694 2656 motus
1722 2625 1845 2656 tertius

297 2685 491 2710 moveretur
507 2681 550 2710 ad
567 2680 726 2711 medium.
777 2679 809 2709 A
826 2680 847 2719 ij
865 2690 964 2711 verso
983 2679 1040 2720 (de
1060 2679 1195 2719 Magnis
1213 2678 1532 2718 Conjunctionibus‚
1551 2677 1604 2709 ed.
1625 2677 1712 2709 Ven.
1732 2677 1842 2717 1515).

297 2744 335 2772 27
363 2736 442 2765 Celi
461 2739 498 2765 et
516 2735 670 2776 Mundi]
691 2735 723 2766 ii.
744 2736 795 2774 56.
891 2735 933 2765 28
957 2734 1216 2776 Phisicorum]
1236 2734 1304 2765 viii.
1326 2743 1366 2773 73
1385 2743 1457 2773 sqq.
1475 2744 1482 2771 ;
1508 2733 1547 2764 cf.
1568 2742 1619 2772 33.
