1945 3079
128 1689 274 1730 133b2,

1014 32 1101 78 454

282 140 581 196 longitudines
602 140 810 188 diversas,
831 145 874 180 et
897 139 976 180 hec
998 138 1239 181 declinacio
1262 139 1420 182 dicitur
1443 139 1672 190 involucio,
1695 152 1828 191 penes

283 211 462 264 quidem
479 215 625 263 partes
641 210 835 250 diversas
857 209 1078 250 declinant
1094 209 1168 250 sic.
1213 208 1387 250 Centris
1404 209 1520 251 enim
1545 209 1826 264 epiciclorum

286 292 438 321 corum
473 278 768 320 existentibus
806 278 849 319 in
883 291 995 331 auge
1027 284 1103 318 aut
1145 278 1270 332 augis
1301 279 1597 333 opposicione,
1627 276 1828 320 ecentrici

284 348 488 389 diametri
517 347 844 401 longitudinum
871 347 1143 388 diversarum
1174 348 1369 401 ipsarum
1400 354 1501 389 sunt
1530 348 1572 388 in
1601 346 1831 401 superficie

286 416 503 460 ecentrici.
565 416 625 457 Et
646 430 781 471 quam
810 416 896 458 cito
918 415 976 456 ab
998 416 1080 456 hiis
1109 417 1284 471 punctis
1306 417 1486 471 augium
1510 421 1752 464 moventur,
1774 415 1831 456 ab
1852 433 1870 466 5

287 501 339 527 ca
370 487 586 540 incipiunt
618 485 853 538 declinare,
882 484 1005 538 cujus
1034 485 1410 540 complementum
1437 485 1743 531 declinacionis
1765 491 1833 526 est

285 557 403 610 apud
438 555 739 609 longitudines
778 555 960 597 medias.
1034 555 1221 596 Veneris
1257 555 1434 609 quidem
1473 561 1620 596 centro
1662 553 1833 609 epicicli

287 633 484 667 currente
507 626 549 666 in
573 625 812 667 medietate
833 639 918 679 que
937 626 1087 680 incipit
1109 625 1165 666 ab
1179 639 1292 680 auge
1313 625 1528 676 ecentrici‚
1550 638 1641 666 aux
1663 620 1834 677 epicicli

293 696 484 738 declinat
526 696 581 737 ad
624 695 984 750 septentrionem,
1027 694 1232 736 Mercurii
1270 709 1374 736 vero
1416 695 1472 735 ad
1511 693 1753 743 meridiem,
1790 698 1835 733 et

288 765 522 807 amborum
555 765 862 819 opposiciones
894 779 918 806 e
949 765 1179 806 contrario.
1244 764 1313 805 Eo
1345 769 1558 813 currente,
1590 763 1632 804 in
1666 763 1834 816 reliqua
1857 776 1898 800 10

288 835 526 877 medietate
562 841 706 876 totum
744 841 810 876 est
846 849 871 876 e
904 835 1140 886 contrario,
1177 847 1311 887 penes
1346 840 1497 875 autem
1534 832 1836 887 longitudines

294 905 462 946 medias
485 905 545 946 sic
568 904 805 946 declinant.
867 905 1031 946 Centro
1052 918 1156 945 vero
1173 903 1366 958 cujusvis
1383 916 1534 944 eorum
1558 902 1776 943 existente
1793 901 1836 941 in

288 974 414 1016 nodis
428 975 643 1015 diameter
655 974 870 1015 transiens
885 987 964 1027 per
977 973 1273 1028 longitudines
1288 972 1456 1013 medias
1470 978 1537 1014 est
1551 972 1594 1012 in
1609 969 1837 1025 superficie

291 1043 507 1085 ecentrici.
569 1043 648 1084 Ab
677 1043 760 1084 hoc
789 1050 937 1084 autem
969 1042 1065 1084 loco
1094 1042 1199 1083 alibi
1221 1048 1421 1082 currente
1443 1040 1597 1094 incipit
1619 1039 1839 1081 declinare

287 1113 358 1166 <eo
381 1114 518 1168 quod>
536 1113 578 1153 in
596 1127 721 1167 auge,
739 1119 815 1154 aut
834 1113 875 1154 in
898 1112 1186 1167 opposicione
1203 1111 1327 1165 augis
1345 1111 1566 1152 existente
1580 1109 1837 1164 completur.
1861 1122 1899 1156 15

294 1184 479 1225 Veneris
505 1183 685 1238 quidem
713 1189 864 1225 centro
897 1182 1117 1223 existente
1148 1182 1190 1222 in
1221 1195 1350 1235 auge,
1373 1180 1587 1222 medietas
1615 1177 1840 1220 orientalis

304 1253 496 1295 declinat
513 1254 567 1294 ad
584 1252 945 1307 septentrionem,
967 1251 1174 1292 Mercurii
1190 1264 1293 1292 vero
1310 1251 1366 1292 ad
1391 1249 1632 1291 meridiem.
1668 1247 1839 1289 Medie-

305 1329 420 1364 tates
446 1322 680 1364 orientales
701 1327 801 1362 sunt
825 1336 848 1363 e
871 1321 1114 1362 contrario:
1142 1334 1196 1362 eo
1218 1327 1366 1362 autem
1390 1319 1609 1360 existente
1631 1318 1675 1359 in
1701 1332 1842 1372 oppo-

301 1393 464 1434 sicione
486 1392 622 1446 augis‚
643 1398 790 1433 totum
814 1397 878 1432 est
900 1405 924 1432 e
946 1390 1179 1432 contrario.

357 1517 640 1573 <Capitulum
667 1524 762 1572 19¹³.
823 1516 874 1558 de
896 1524 1012 1559 motu
1033 1523 1177 1560 octave
1198 1515 1348 1571 spere.)
1865 1526 1906 1549 20

355 1610 551 1652 Thebith
582 1623 685 1651 vero
718 1610 941 1651 maximus
973 1609 1324 1651 Christianorum
1357 1613 1638 1650 astronomus
1672 1605 1846 1648 addidit

303 1680 471 1735 aliquid
502 1693 638 1733 opera
668 1678 916 1720 Ptholomei
948 1679 990 1719 in
1013 1684 1135 1720 motu
1159 1676 1347 1733 oc-ltave
1367 1690 1506 1730 spere.
1568 1677 1686 1717 Nam
1710 1675 1845 1717 Ptho-

305 1750 475 1791 lomeus
517 1749 664 1803 posuit
705 1748 848 1790 celum
885 1748 1106 1790 stellatum
1145 1748 1310 1789 moveri
1354 1752 1476 1788 motu
1518 1746 1727 1788 continuo
1768 1758 1848 1799 per

305 1820 628 1861 successionem
651 1818 890 1871 signorum,
917 1818 1001 1860 hoc
1024 1825 1090 1859 est
1116 1818 1173 1859 ab
1203 1817 1433 1858 occidente
1459 1816 1502 1856 in
1525 1821 1700 1857 centurn
1725 1814 1848 1856 annis

299 1889 438 1943 gradu
471 1901 559 1929 uno
589 1888 831 1929 secundum
863 1894 1034 1928 motum
1063 1887 1297 1928 declivum.
1360 1886 1513 1927 Posuit
1542 1898 1677 1939 auges
1699 1884 1847 1938 plane-
1868 1893 1907 1927 25

305 1966 449 2000 tarum
467 1964 747 2011 preterquam
771 1956 885 1998 Solis
910 1956 1074 1998 moveri
1097 1956 1179 1998 hoc
1203 1961 1338 2006 motu,
1366 1955 1483 1996 unde
1505 1955 1652 2008 posuit
1673 1952 1846 1995 stellam

302 2030 345 2069 in
377 2028 524 2069 medio
551 2027 631 2068 celi
664 2027 810 2068 octavi
844 2027 1008 2068 moveri
1039 2026 1277 2068 secundum
1308 2023 1516 2066 circulum
1540 2023 1782 2077 signorum,
1804 2027 1849 2063 et

305 2098 413 2140 alias
455 2096 604 2138 stellas
647 2096 812 2138 moveri
854 2096 1096 2138 secundum
1139 2094 1323 2136 circulos
1364 2094 1694 2147 equidistantes.
1771 2090 1850 2133 Set

310 2176 512 2223 tempore
543 2181 624 2208 suo
661 2167 821 2207 accidit
858 2165 1000 2207 celum
1035 2165 1261 2207 stellatum
1295 2163 1356 2205 sic
1392 2163 1578 2205 fortasse
1611 2161 1776 2203 moveri
1807 2161 1850 2202 in

303 2238 530 2286 orientem,
554 2237 676 2291 cujus
699 2236 964 2278 contrarium
995 2228 1237 2276 secundum
1262 2248 1313 2275 ea
1335 2247 1421 2287 que
1443 2237 1658 2286 apparent
1681 2231 1723 2272 in
1746 2230 1850 2272 celis
1869 2240 1911 2272 30

311 2313 596 2362 perceperunt
619 2305 896 2361 posteriores.
948 2304 1026 2346 Set
1048 2304 1290 2357 Albategni
1312 2303 1395 2344 hoc
1417 2302 1528 2343 vidit
1545 2301 1587 2342 in
1607 2300 1852 2350 universali,

310 2384 352 2418 ct
375 2377 495 2430 quod
520 2382 667 2418 motus
683 2376 936 2417 mutabatur
953 2375 1192 2416 secundum
1208 2371 1533 2427 apparenciam.
1578 2370 1681 2411 Non
1702 2375 1851 2411 autem

310 2447 433 2488 dedit
456 2445 859 2487 consideracionem
883 2458 960 2500 per
981 2444 1156 2486 tabulas
1179 2449 1221 2484 et
1243 2455 1433 2483 canones
1456 2441 1499 2480 in
1521 2440 1605 2481 hoc
1629 2445 1763 2481 motu.

362 2515 559 2556 Thebith
581 2529 685 2557 vero
708 2514 824 2555 hunc
855 2520 1027 2556 motum
1057 2512 1261 2567 figuravit
1283 2518 1326 2553 et
1357 2509 1576 2552 ordinavit
1598 2521 1787 2550 canones
1808 2513 1853 2550 et

307 2584 480 2626 tabulas
513 2590 556 2626 et
588 2584 737 2625 docuit
774 2584 894 2637 quod
928 2583 1057 2624 stella
1089 2595 1176 2623 non
1202 2594 1377 2635 semper
1405 2585 1590 2633 apparet
1621 2578 1786 2619 moveri
1809 2577 1851 2618 in
1871 2584 1911 2617 35

309 2654 605 2707 equidistante
635 2659 834 2707 respectu
865 2652 1045 2700 zodiaci,
1069 2658 1135 2692 set
1165 2649 1403 2704 aliquando
1436 2647 1576 2701 magis
1608 2645 1855 2700 elongatur,

308 2723 548 2775 aliquando
588 2723 743 2772 minus,
777 2728 868 2763 tam
905 2735 929 2762 a
965 2721 1146 2762 zodiaco
1187 2733 1321 2773 quam
1355 2716 1641 2772 equinocciali
1673 2716 1715 2757 in
1748 2716 1855 2757 orbe

410 2882 419 2901 J
