1945 3079
808 129 895 172 415

86 233 279 276 continet
321 232 577 272 extremitas
623 231 742 283 virge
785 230 1008 271 astralabii
1045 230 1087 270 in
1126 231 1268 277 dorso,
1309 229 1375 270 vel
1415 228 1535 269 filum
1579 229 1622 268 in

87 302 348 355 quadrante,
385 299 716 354 perrexeritque
753 300 795 339 in
840 304 954 339 terra
997 300 1054 339 ad
1102 298 1448 352 septentrionem
1470 296 1623 348 :donec

86 372 129 411 in
170 369 308 410 altera
344 374 471 409 nocte
513 366 686 409 stellata
728 367 884 407 viderit
925 368 1112 408 eundem
1150 366 1300 421 polum
1335 366 1494 406 elevari
1526 365 1624 418 plus

85 452 214 493 super
230 438 426 479 orizonta
447 450 523 491 per
536 450 671 476 unum
688 437 900 489 gradum3
932 435 1003 476 ille
1018 449 1143 476 arcus
1161 442 1274 476 terre
1297 449 1427 488 quem
1452 448 1623 487 peram-

49 520 67 552 5
87 507 303 550 bulaverit
321 505 605 560 respondebit
625 506 698 545 uni
723 505 877 559 gradui
900 510 943 545 et
961 505 1043 545 erit
1067 504 1105 543 ei
1135 503 1298 554 similis,
1324 510 1370 544 ut
1392 508 1626 544 sumuntur

86 590 211 618 arcus
234 574 397 616 similes
408 575 461 618 ,in
483 573 620 627 speris
644 573 827 614 diversis
844 574 1085 614 secundum
1109 572 1426 621 Theodosium,
1448 578 1514 612 set
1537 585 1624 612 non

86 649 212 685 erunt
244 649 423 696 propter
450 643 534 684 hoc
562 641 752 694 equales.
813 641 958 682 Arcus
983 641 1115 695 igitur
1136 646 1248 681 terre
1275 646 1474 692 respectu
1499 639 1626 679 unius

85 713 247 767 gradus
270 712 312 752 in
334 711 427 752 celo
449 711 689 752 secundum
719 709 1057 764 Alphraganum
1088 716 1155 750 est
1181 711 1237 761 56
1268 708 1451 749 miliaria
1474 714 1516 748 et
1543 708 1627 748 due

85 781 217 823 tercie
248 781 375 821 unius
402 779 592 830 miliaris,
615 786 659 821 et
691 779 751 820 sic
778 778 1063 819 certificatum
1094 783 1160 818 est
1187 791 1264 830 per
1289 776 1626 830 experienciam,

29 865 69 889 10
86 856 133 892 ut
155 850 272 900 dicit,
296 855 340 890 et
362 849 404 889 in
428 848 510 890 hoc
532 848 799 889 conveniunt
821 847 1053 900 sapientes.
1118 846 1177 887 Et
1198 852 1347 886 tamen
1370 840 1461 898 ipse
1484 851 1627 886 mutat

86 917 226 961 multa
247 917 558 960 conveniencia
587 917 643 958 ad
664 916 777 958 hanc
803 916 995 957 radicem
1019 915 1196 969 quando
1223 915 1459 968 investigat
1480 914 1626 955 altitu-

86 988 208 1029 dines
244 986 436 1028 celorum
473 993 517 1028 et
558 987 850 1040 quantitatem
891 985 1112 1039 dyametri
1142 991 1256 1026 terre
1291 991 1335 1025 et
1372 984 1464 1037 ejus
1499 983 1626 1024 semi-

87 1056 300 1098 diametri.
345 1054 424 1097 Set
438 1055 555 1096 racio
569 1055 701 1108 hujus
716 1055 775 1095 rei
792 1055 969 1096 dabitur
991 1055 1033 1094 in
1052 1053 1350 1107 sequentibus.
1404 1051 1629 1105 Averroys

86 1133 237 1167 autem
279 1125 324 1166 in
370 1124 456 1165 fine
494 1123 674 1165 secundi
715 1122 804 1165 Celz‘
837 1129 881 1163 et
912 1121 1081 1163 Mundi
1117 1123 1223 1163 dicit
1259 1135 1408 1164 arcum
1441 1121 1484 1161 in
1515 1128 1629 1162 terra

29 1209 67 1242 15
87 1193 274 1235 similem
290 1194 407 1235 arcui
430 1194 556 1234 unius
581 1193 742 1246 gradus
759 1193 801 1232 in
820 1192 914 1232 celo
930 1192 1153 1233 continere.
1167 1192 1292 1244 quasi
1306 1191 1361 1230 60
1377 1189 1571 1238 miliaria,
1586 1195 1629 1230 et

87 1263 160 1304 alii
195 1264 344 1304 dicunt
373 1262 470 1303 aliis
508 1262 661 1302 modis.
725 1260 803 1302 Set
837 1274 924 1302 non
953 1259 958 1315 Ι
986 1267 1052 1302 est
1087 1260 1152 1302 vis
1187 1261 1230 1299 in
1269 1259 1367 1310 hoc,
1405 1272 1507 1300 narn
1543 1266 1630 1298 non

85 1333 304 1387 accipiunt
327 1331 621 1385 quantitatem
650 1330 830 1371 miliaris
862 1330 1020 1371 eodem
1054 1330 1198 1379 modo,
1222 1335 1287 1369 set
1319 1328 1500 1381 quidam
1533 1327 1630 1380 plus

87 1402 269 1456 quidam
297 1401 452 1441 minus.
506 1399 553 1440 Si
576 1399 709 1452 igitur
724 1398 846 1438 illum
865 1411 1096 1438 numerum
1114 1397 1402 1438 miliariorum
1420 1402 1533 1436 terre
1554 1395 1630 1448 qui

88 1471 161 1511 uni
194 1470 351 1523 gradui
384 1469 623 1521 respondet
646 1468 885 1509 secundum
909 1466 1250 1520 Alphraganum
1275 1464 1630 1518 multiplicaveri-

29 1558 69 1581 20
89 1553 187 1580 mus
217 1553 295 1594 per
329 1539 421 1594 360,
444 1537 708 1579 habebimus
734 1543 849 1578 terre
881 1536 1199 1577 rotunditatem
1231 1535 1274 1574 in
1302 1533 1557 1583 miliaribus,
1588 1538 1631 1573 et

88 1615 227 1658 erunt,
243 1608 422 1659 scilicet,
439 1619 593 1660 20‚4oo
612 1606 796 1647 miliaria
815 1611 856 1646 et
875 1605 960 1646 due
977 1605 1166 1659 septime
1183 1604 1309 1645 unius
1329 1602 1511 1644 miliarii.
1554 1602 1632 1644 Set

81 1677 402 1732 'Alphraganus
425 1677 591 1718 omittit
612 1676 691 1716 has
713 1676 822 1716 duas
850 1675 1063 1728 septimas
1096 1673 1139 1713 in
1172 1686 1250 1713 sua
1279 1672 1631 1726 computacione‚

87 1761 175 1788 non
198 1760 354 1788 curans
377 1746 456 1786 nisi
480 1746 536 1786 de
559 1745 757 1798 integris.
1510 1755 1515 1758 ·

147 1816 208 1857 Et
230 1815 350 1868 quod
372 1813 638 1856 Aristoteles
659 1813 766 1855 dicit
790 1813 832 1853 in
850 1812 935 1853 fine
958 1811 1133 1853 secundi
1157 1804 1246 1852 Celz·
1264 1816 1307 1851 et
1325 1809 1494 1850 Mundi
1513 1810 1632 1862 quod

28 1900 68 1932 25
87 1885 291 1926 circuitus
314 1891 426 1925 terre
457 1883 697 1924 secundum
728 1889 978 1936 geometras
1010 1887 1076 1922 est
1107 1879 1262 1933 viginti
1295 1884 1483 1932 quatuor
1513 1877 1632 1918 milia

89 1954 389 2002 miliariorum,
420 1958 487 1993 set
520 1951 589 1992 hic
624 1958 689 1992 est
724 1951 878 2000 minus,
908 1963 1041 1991 causa
1073 1956 1140 1991 est
1174 1949 1279 2002 quia
1310 1949 1437 1990 aliter
1473 1947 1631 2000 accipit

88 2024 264 2064 miliare.
311 2022 372 2063 Et
394 2035 472 2075 per
493 2035 542 2062 ea
565 2034 651 2074 que
673 2021 716 2060 in
746 2020 1024 2074 geometricis
1046 2013 1248 2072 practicis
1270 2017 1423 2058 habita
1445 2022 1547 2056 sunt
1577 2016 1632 2057 de

88 2092 343 2134 invencione
375 2091 578 2132 diametri
610 2103 687 2143 per
719 2089 1131 2135 circumferenciam‚
1170 2092 1294 2141 patet
1328 2086 1449 2140 quod
1482 2084 1631 2126 ablata

90 2168 164 2204 22¹⁵
185 2167 309 2214 parte
331 2160 385 2200 de
408 2159 491 2201 hoc
507 2172 691 2199 numero
709 2165 751 2199 et
767 2158 901 2198 tercia
916 2157 1091 2205 residui,
1112 2162 1293 2209 accepta
1312 2156 1394 2196 erit
1407 2154 1633 2208 quantitas

30 2242 71 2275 30
88 2230 292 2272 diametri
314 2236 439 2280 terre,
462 2229 505 2269 id
527 2235 608 2280 est,
632 2227 817 2268 miliaria
841 2228 967 2278 6491.
1032 2225 1151 2265 Nam
1179 2223 1542 2267 circumferencia
1575 2223 1631 2264 ad

89 2301 355 2341 diametrum
388 2304 455 2338 est
486 2295 960 2351 triplasequeseptima,
993 2300 1041 2335 ut
1063 2295 1224 2335 docent
1254 2300 1484 2347 geometre
1521 2291 1633 2332 sicut

22 2403 24 2405 .
88 2367 371 2409 Archimides
393 2374 437 2408 et
468 2381 633 2417 omnes,
656 2367 769 2407 sicut
797 2366 941 2419 primo
974 2364 1114 2415 docui,
1139 2370 1182 2404 et
1215 2363 1458 2404 astronomi
1481 2374 1634 2403 omnes

89 2443 272 2478 utuntur
317 2437 401 2477 hoc
455 2436 600 2485 modo,
643 2440 687 2475 et
740 2433 962 2475 naturales
1004 2432 1216 2482 similiter,
1259 2432 1363 2485 quia
1407 2430 1634 2481 Averroys

90 2512 336 2548 memorato
360 2505 457 2546 loco
479 2512 524 2547 et
545 2504 652 2546 alias
674 2504 717 2544 in
739 2502 992 2556 hujusmodi
1011 2502 1270 2543 transmittit
1292 2514 1371 2541 nos
1393 2500 1449 2540 ad
1473 2498 1633 2540 doctri-

132 2611 155 2640 6
179 2607 450 2648 Theodosium]
484 2607 517 2638 ii.
550 2617 602 2645 24.
783 2605 847 2643 6-7
873 2603 936 2644 Op.
970 2602 1055 2644 Mas.
1089 2602 1228 2633 citation
1261 2601 1404 2633 finishes
1440 2599 1637 2640 ‘equales¹.

89 2662 110 2692 8
133 2659 434 2702 Alphraganum]
451 2659 516 2691 loc.
536 2660 591 2690 cit.
732 2667 769 2696 14
795 2658 875 2688 Geli
893 2659 931 2687 et
947 2654 1099 2695 Mundi]
1118 2655 1151 2686 ii.
1175 2664 1237 2686 110
1254 2664 1373 2686 comm.
1489 2662 1530 2690 24
1556 2652 1639 2683 Geli

91 2717 130 2744 et
146 2712 302 2754 Mundi]
321 2712 356 2743 ii.
378 2722 449 2743 112.

137 2811 178 2840 32
204 2799 436 2840 Archimides]
453 2797 716 2830 Archimenides
731 2795 858 2837 passim
876 2794 917 2825 M

1652 1264 1800 1296 120b2.
