1945 3079
1015 53 1098 91 400

273 162 442 202 Anima
465 165 508 199 et
524 164 683 200 octavo
702 157 753 198 de
769 155 1064 198 Animalibus.
1122 155 1181 196 Et
1200 154 1440 196 secundum
1462 167 1562 196 eum
1579 166 1664 195 non
1679 153 1823 195 solum

274 232 316 270 in
341 242 521 283 corpore
539 227 719 281 proprio
736 232 801 267 set
817 226 860 266 in
885 224 1029 267 alieno
1050 241 1059 274 ;
1092 231 1134 266 et
1158 225 1193 265 si
1216 224 1421 265 volumus
1445 224 1484 265 ei
1507 223 1698 276 credere,
1720 237 1826 276 ope-

275 304 394 339 ratur
422 303 551 339 extra
588 310 715 338 suum
746 308 905 350 corpus
939 308 1016 350 per
1044 293 1467 348 multiplicacionem
1500 294 1827 347 operacionum.

277 368 397 421 Ergo
413 366 553 408 multo
572 366 711 420 magis
730 370 879 418 potest
897 364 979 405 hec
998 363 1141 405 facere
1155 363 1312 404 eadem
1331 362 1628 416 intelligencia
1644 375 1827 404 numero

275 444 319 478 et
357 437 513 491 specie,
547 436 649 489 quia
684 434 862 488 majoris
900 439 966 475 est
993 433 1182 474 virtutis.
1247 433 1307 473 Et
1340 433 1575 490 dicendum
1611 439 1676 473 est
1707 432 1827 486 quod
1848 449 1866 482 5

275 506 479 560 quamvis
512 519 663 546 verum
693 511 807 545 esset
844 503 962 557 quod
998 502 1227 544 Avicenna
1262 501 1381 553 dicit,
1414 501 1829 543 tamenwdiversitas

277 576 521 618 secundum
552 574 742 630 speciem
778 580 821 615 et
855 586 1086 614 numerum
1114 578 1181 614 est
1215 585 1345 614 causa
1377 572 1560 613 istorum
1592 570 1828 631 effectuum

281 647 570 694 diversorum,
603 644 785 696 scilicet,
819 642 1053 684 diversitas
1090 642 1417 697 cogitacionum
1454 646 1499 682 et
1536 641 1830 694 appetituum,

280 717 440 771 quibus
463 714 812 770 cogitacionibus
835 719 879 754 et
901 711 1129 754 desideriis
1150 718 1308 753 natura
1333 711 1499 753 obedit.
1562 711 1686 754 Sicut
1708 712 1832 765 ponit

120 798 183 830 116
205 809 224 830 a
245 807 257 829 1
279 785 535 839 exemplum
552 790 710 826 octavo
723 782 774 824 de
786 781 1071 824 Animalibus
1084 782 1138 823 de
1151 779 1314 834 gallina
1330 770 1416 834 que
1429 781 1593 822 vicerat
1621 779 1626 835 Ι
1653 780 1833 835 gallum,
1855 801 1895 824 10

280 857 350 899 cui
373 869 429 896 ex
452 854 591 908 gloria
613 853 796 895 victorie
819 852 954 893 crevit
984 851 1021 893 ei
1053 851 1199 892 subito
1223 864 1353 892 cornu
1377 850 1420 891 in
1443 864 1578 892 crure.
1643 850 1703 892 Et
1725 850 1834 892 dicit

283 927 404 980 quod
442 925 484 965 in
519 924 603 965 hoc
637 922 926 977 cognovimus
960 922 1080 976 quod
1113 927 1269 962 natura
1302 920 1455 962 obedit
1487 919 1834 973 cogitacionibus

283 995 442 1036 anime.
507 993 568 1035 Et
594 992 794 1033 similiter
822 1006 880 1032 ex
910 991 1070 1032 timore
1100 995 1340 1030 nascuntur
1362 989 1448 1031 alia
1470 990 1583 1031 sicut
1606 988 1733 1043 ponit
1755 1003 1833 1031 ex-

284 1063 479 1118 emplum
496 1069 655 1116 quarto
670 1061 721 1102 de
742 1061 921 1111 Anima,
940 1060 997 1101 de
1017 1058 1426 1113 ambulante-super
1446 1058 1617 1100 trabem
1641 1060 1833 1113 positam

284 1133 399 1174 ultra
427 1132 608 1173 fluvium
631 1131 705 1184 qui
734 1131 851 1173 cadit
881 1145 937 1171 ex
966 1129 1302 1183 ymaginacione
1334 1142 1473 1177 casus,
1496 1135 1539 1170 et
1562 1142 1639 1170 sue
1660 1129 1833 1182 ymagi-
1857 1148 1895 1180 15

284 1202 457 1244 nacioni
500 1201 654 1243 obedit
696 1201 833 1242 virtus
877 1198 1090 1241 naturalis
1149 1199 1193 1239 in
1245 1197 1468 1248 membris,
1511 1208 1555 1240 et
1597 1198 1749 1241 deficit
1790 1199 1834 1239 in

286 1271 541 1313 sustinendo
565 1269 775 1311 membra.
840 1269 901 1310 Et
930 1268 990 1310 sic
1018 1267 1198 1309 infinitis
1222 1268 1366 1309 modis
1392 1267 1634 1309 secundum
1657 1268 1835 1310 diversi-

285 1347 424 1383 tatem
465 1340 715 1395 specificam
756 1338 1147 1392 ymaginacionum
1191 1343 1235 1378 et
1277 1337 1594 1379 desideriorum
1636 1337 1837 1392 ejusdem

288 1412 436 1453 anime
459 1417 502 1452 et
525 1410 728 1464 potencie
746 1408 906 1450 accidit
923 1407 1155 1448 diversitas
1172 1407 1499 1460 operacionum,
1516 1407 1620 1461 quia
1636 1407 1838 1449 similiter

287 1486 512 1536 oporteret
541 1479 611 1521 hic
641 1492 805 1532 ponere
827 1477 1120 1530 intelligencia
1143 1477 1299 1517 eadem
1322 1477 1466 1530 specie
1489 1482 1532 1517 et
1554 1490 1747 1528 numero,
1771 1485 1838 1520 set
1859 1494 1900 1517 20

289 1550 584 1605 cogitaciones
608 1561 892 1603 quascunque
921 1553 1071 1602 potest
1093 1560 1178 1588 una
1201 1546 1377 1597 habere,
1405 1553 1449 1588 et
1471 1547 1556 1589 alia
1579 1553 1623 1589 et
1644 1560 1836 1602 quecun-

290 1634 374 1674 que
404 1620 632 1668 desideria,
656 1618 767 1660 sicut
795 1618 850 1658 de
879 1617 1111 1658 animabus
1134 1629 1315 1658 numero
1338 1617 1510 1659 duabus
1532 1617 1601 1658 vel
1624 1616 1836 1670 pluribus.
1893 1660 1896 1663 ,

291 1690 411 1742 Ergo
428 1688 622 1743 quelibet
640 1687 768 1730 stella
787 1701 844 1730 ex
861 1686 943 1727 hac
962 1692 1088 1740 parte
1103 1692 1252 1741 posset
1269 1685 1433 1728 habere
1446 1686 1641 1728 diversas
1654 1686 1840 1727 virtutes

290 1772 399 1812 quas
421 1758 508 1799 alia
530 1757 680 1799 habet.

354 1829 479 1878 Item,
515 1827 753 1869 secundum
787 1826 872 1867 hoc
905 1832 1086 1881 possent
1120 1832 1217 1868 tota
1243 1826 1314 1867 die
1355 1826 1555 1868 renovari
1600 1825 1643 1866 in
1686 1826 1840 1868 eadem
1862 1845 1901 1879 25

291 1897 418 1939 stella
440 1898 611 1938 diverse
633 1897 915 1950 operaciones
938 1896 1181 1937 secundum
1197 1895 1495 1939 diversitatem
1513 1894 1840 1950 cogitacionum

292 1972 336 2007 et
358 1966 677 2007 desideriorum
701 1965 764 2006 sui
788 1966 983 2006 motoris.
1047 1964 1125 2006 Set
1141 1979 1228 2006 non
1243 1965 1442 2006 videmus
1464 1966 1537 2016 sic,
1560 1965 1697 2006 immo
1715 1963 1843 2006 stelle

293 2035 464 2076 diverse
495 2035 663 2077 habent
695 2034 876 2076 stabiles
905 2035 1180 2076 diversitates
1202 2035 1246 2075 in
1276 2035 1515 2085 effectibus,
1538 2048 1642 2089 ergo
1665 2040 1842 2089 oportet

293 2106 414 2159 quod
447 2105 503 2146 sit
535 2105 615 2146 hec
646 2104 876 2146 diversitas
909 2104 947 2145 ei
969 2118 994 2145 a
1017 2104 1185 2146 naturis
1216 2104 1450 2146 stabilibus
1480 2110 1525 2145 et
1555 2103 1670 2153 fixis,
1692 2110 1736 2145 et
1757 2103 1842 2144 hoc

292 2188 380 2215 non
404 2181 471 2215 est
493 2174 711 2228 cogitacio
742 2187 826 2227 que
849 2174 1089 2215 secundum
1113 2187 1159 2214 se
1181 2179 1246 2215 est
1276 2173 1497 2221 variabilis
1528 2179 1572 2215 et
1593 2173 1649 2214 ad
1671 2173 1844 2214 diversa
1863 2189 1906 2222 30

292 2243 498 2284 flexibilis
531 2257 609 2285 nec
647 2243 924 2293 desiderium,
954 2248 997 2284 et
1034 2241 1231 2284 maxime
1262 2243 1529 2284 desiderium
1557 2249 1601 2284 et
1628 2241 1845 2297 cogitacio

292 2313 544 2354 substancie
566 2313 797 2355 racionalis
820 2327 905 2366 que
929 2313 1095 2366 cogitat
1117 2320 1161 2354 et
1178 2312 1400 2355 desiderat
1413 2313 1469 2353 ad
1488 2312 1714 2366 placitum.
1770 2310 1844 2353 Sic

295 2395 400 2435 ergo
422 2396 510 2422 non
534 2388 679 2436 potest
701 2383 787 2423 dici
810 2382 929 2434 quod
953 2382 1021 2423 isti
1045 2387 1239 2423 motores
1260 2387 1362 2422 sunt
1383 2378 1581 2435 ejusdem
1603 2381 1775 2436 speciei.

355 2451 402 2493 Si
424 2465 527 2492 vero
550 2452 722 2493 dicatur
745 2452 864 2504 quod
890 2458 1017 2493 erunt
1041 2452 1310 2493 diversarum
1329 2451 1584 2505 specierum,
1600 2450 1686 2492 hoc
1703 2450 1846 2504 primo

294 2527 360 2561 est
396 2526 546 2561 contra
586 2520 746 2561 librum
789 2520 840 2561 de
878 2519 1029 2562 Causz's
1072 2520 1146 2561 ubi
1189 2520 1349 2562 dicitur
1390 2520 1510 2574 quod
1554 2519 1846 2574 intelligencie
1865 2534 1906 2568 35

125 2602 188 2634 116
204 2613 224 2634 a
241 2612 270 2634 2,
295 2589 644 2643 multiplicantur
665 2589 778 2631 sicut
802 2589 1027 2630 individua
1057 2588 1256 2642 ejusdem
1279 2588 1452 2643 speciei,
1475 2595 1518 2630 et
1540 2588 1624 2630 hoc
1646 2587 1656 2644 Ῑ
1685 2588 1846 2630 dicitur

338 2706 377 2727 10
400 2699 598 2729 Avioenna
616 2699 661 2729 de
679 2696 940 2738 Animalibus]
958 2697 1026 2730 viii.
1047 2707 1076 2736 7.
1198 2707 1236 2736 14
1261 2699 1460 2730 Avieenna
1476 2699 1523 2729 de
1539 2696 1696 2739 Anima]
1714 2696 1755 2729 iv.
1775 2707 1794 2736 4
1812 2697 1844 2728 d.

290 2757 332 2787 35
358 2750 403 2780 de
415 2749 563 2790 Causis]
582 2759 680 2790 prop.
706 2750 714 2779 i
733 2760 762 2781 v.
