1945 3079
122 509 183 543 109
201 501 222 533 b
243 511 271 532 2.

124 1812 162 1844 O.
185 1819 225 1853 33
242 1822 272 1844 a.

1021 24 1107 81 380

289 157 428 186 vacuo
457 141 654 184 secundo
687 140 845 192 adhuc,
876 140 912 181 si
944 146 1058 181 esset
1089 139 1219 193 plane
1242 139 1380 193 figure
1401 138 1470 180 vel
1493 151 1694 180 convexe
1726 145 1840 181 esset

290 225 490 260 vacuum,
517 216 561 251 et
592 209 654 251 sic
681 209 724 250 in
756 208 992 250 infinitum.
1056 208 1178 264 Ergo
1209 214 1386 262 oportet
1417 208 1538 262 quod
1564 209 1621 249 sit
1651 221 1842 250 concave

290 281 428 336 figure
464 280 744 321 circumdans
784 278 913 330 celos,
948 278 1052 332 quia
1099 277 1282 319 habebit
1318 285 1517 319 centrum
1555 276 1750 319 celorum
1793 282 1838 318 et

291 351 432 393 tocius
479 350 631 391 mundi
658 363 667 400 ;
715 362 820 403 ergo
864 348 1065 402 respiciet
1108 346 1404 389 essencialiter
1445 353 1646 388 centrum
1689 346 1842 387 mundi

291 426 473 473 propter
489 419 711 461 racionem
735 432 874 472 spere.
913 417 993 459 Set
1016 418 1102 459 hoc
1119 423 1318 459 centrum
1338 423 1404 458 est
1419 414 1618 457 naturale
1640 422 1841 470 respectu
1863 431 1881 464 5

290 489 430 541 vacui,
453 502 559 543 ergo
579 502 767 530 vacuum
792 487 1026 541 respiciens
1049 486 1134 528 hoc
1159 484 1167 542 1
1196 492 1397 527 centrum
1420 476 1620 529 naturale
1637 491 1753 528 esset
1776 499 1843 526 res

291 559 514 600 naturalis.
579 558 658 600 Set
692 557 777 598 hoc
811 557 970 598 falsum
1004 562 1070 597 est
1102 556 1206 610 quia
1238 556 1283 596 in
1315 569 1469 606 vacuo,
1500 561 1548 596 ut
1574 553 1842 596 Aristoteles

288 628 396 670 dicit
419 634 577 682 quarto
598 627 892 677 Plzisicwmn,
918 626 1040 667 nulla
1068 632 1135 667 est
1157 632 1326 676 natura,
1351 630 1399 666 ut
1428 625 1547 679 prius
1569 617 1842 665 verificatum

290 704 369 739 est.

351 766 397 808 Si
421 767 590 809 dicatur
607 768 727 821 quod
750 767 853 810 lieet
876 773 1078 822 respectu
1102 767 1253 808 mundi
1280 772 1395 807 esset
1413 770 1612 807 centrum
1630 762 1841 814 naturale,
1865 779 1907 803 10

291 842 442 877 tamen
460 843 661 890 respectu
684 837 809 878 vacui
839 850 928 877 non
954 842 1081 888 esset,
1105 843 1154 878 ut
1183 836 1218 877 si
1248 834 1383 876 nichil
1407 839 1525 876 esset
1545 833 1626 875 nisi
1647 846 1837 874 vacuum

290 905 510 958 spericum
534 905 648 948 circa
670 906 788 946 idem
811 911 1041 959 punctum,
1063 906 1183 958 quod
1208 911 1274 946 est
1299 904 1432 945 modo
1456 909 1654 944 centrum
1678 901 1844 951 mundi,

291 973 373 1014 iste
404 980 594 1028 punctus
632 981 914 1028 comparatus
946 975 1003 1015 ad
1036 987 1212 1028 speram
1241 973 1369 1014 vacui
1404 986 1491 1013 non
1527 978 1596 1013 est
1626 970 1843 1022 naturale,

292 1056 399 1097 ergo
428 1056 508 1084 nec
537 1043 739 1084 similiter
770 1057 886 1084 nunc
918 1044 1161 1084 secundum
1194 1043 1314 1096 quod
1347 1042 1402 1083 ad
1427 1054 1525 1082 eam
1549 1045 1844 1094 comparatur.

295 1111 356 1153 Et
387 1112 622 1154 dicendum
661 1118 728 1154 est
765 1112 886 1166 quod
926 1111 1185 1165 inpossibile
1227 1118 1293 1153 est
1335 1111 1454 1153 idem
1493 1116 1708 1164 punctum
1746 1122 1845 1157 esse
1867 1124 1906 1157 15

292 1187 492 1222 centrum
509 1181 626 1237 pleni
642 1187 685 1222 et
698 1182 838 1231 vacui,
854 1182 959 1235 quia
976 1187 1177 1223 centrum
1195 1180 1314 1235 pleni
1333 1186 1399 1221 est
1413 1179 1626 1229 naturale,
1642 1184 1844 1220 centrum

291 1251 419 1291 vacui
442 1257 507 1292 est
530 1251 788 1301 innaturale,
808 1258 852 1293 et
876 1251 995 1292 nulla
1019 1257 1086 1292 est
1109 1250 1358 1305 proporcio,
1380 1255 1427 1290 ut
1450 1248 1558 1291 dicit
1575 1247 1842 1289 Aristoteles

292 1321 335 1361 in
365 1326 521 1374 quarto
547 1320 837 1371 Phisicormn,
862 1321 974 1362 inter
1001 1334 1190 1362 vacuum
1221 1326 1265 1361 et
1288 1320 1483 1374 plenum.
1547 1319 1607 1359 Et
1628 1318 1714 1360 hoc
1737 1317 1845 1359 dicit

292 1396 473 1443 propter
500 1390 727 1444 passiones
757 1389 980 1431 naturales
1009 1403 1096 1443 que
1119 1397 1220 1432 sunt
1243 1390 1286 1430 in
1309 1389 1454 1444 pleno,
1477 1388 1582 1442 quia
1604 1387 1647 1428 in
1673 1387 1844 1428 dimen-

292 1459 416 1499 sione
439 1465 613 1500 constat
635 1472 729 1500 esse
751 1460 1088 1514 proporcionem
1116 1459 1228 1500 inter
1250 1460 1431 1512 plenum
1454 1464 1498 1499 et
1520 1470 1722 1508 vacuum,
1739 1456 1844 1510 quia
1866 1471 1908 1493 20

293 1528 548 1583 inpossibile
579 1535 644 1570 est
680 1529 798 1570 idem
834 1529 1100 1570 indivisibile
1136 1544 1211 1570 seu
1241 1528 1459 1570 divisibile
1492 1540 1587 1568 esse
1624 1525 1753 1568 simul
1784 1526 1840 1567 de

292 1598 564 1651 proprietate
587 1598 703 1652 pleni
727 1605 771 1639 et
792 1599 930 1649 vacui,
946 1599 1048 1652 quia
1066 1598 1263 1652 ejusdem
1286 1598 1340 1639 ad
1364 1598 1557 1651 seipsum
1577 1602 1643 1638 est
1665 1608 1839 1637 summa

292 1667 527 1720 proporcio
549 1673 593 1708 et
610 1681 785 1708 summa
803 1668 1119 1718 conveniencia,
1138 1669 1243 1722 quia
1262 1666 1480 1721 equalitas
1502 1672 1546 1707 et
1567 1665 1839 1718 idemptitas.

353 1735 400 1777 Si
433 1736 604 1777 dicatur
634 1738 754 1790 quod
784 1743 985 1778 centrum
1013 1737 1145 1788 idem,
1170 1736 1347 1787 scilicet,
1371 1735 1521 1777 mundi
1544 1741 1610 1776 est
1631 1733 1835 1775 naturale

293 1812 491 1860 respectu
526 1812 672 1847 motus
700 1805 705 1861 1
734 1807 940 1848 deorsum
980 1807 1115 1861 ipsius
1152 1807 1309 1861 gravis,
1345 1814 1389 1849 et
1422 1820 1511 1847 non
1547 1804 1747 1846 naturale
1778 1817 1842 1845 re·
1864 1816 1903 1849 25

291 1881 445 1928 spectu
479 1882 626 1917 motus
658 1875 804 1929 gravis
833 1889 1019 1929 sursum,
1049 1890 1153 1930 ergo
1179 1890 1317 1917 unum
1348 1881 1392 1917 et
1425 1876 1542 1916 idem
1571 1880 1718 1929 potest
1749 1886 1843 1915 esse

290 1943 492 1985 naturale
525 1951 568 1985 et
599 1957 687 1984 non
717 1944 917 1986 naturale
951 1952 1149 1999 respectu
1180 1946 1478 1987 diversorum:
1513 1944 1749 1986 dicendum
1773 1948 1840 1984 est

291 2012 393 2054 licet
416 2012 662 2053 innaturale
683 2013 752 2054 hic
774 2014 945 2055 dicatur
973 2021 1173 2068 respectu
1203 2014 1415 2056 naturalis
1446 2020 1593 2055 motus
1616 2015 1841 2062 deorsum,

292 2082 534 2123 secundum
550 2082 669 2135 quod
693 2083 892 2124 naturale
914 2083 1125 2124 dividitur
1139 2091 1291 2126 contra
1316 2096 1519 2133 vacuum,
1535 2088 1682 2124 motus
1698 2081 1843 2136 gravis

290 2164 463 2192 sursum
483 2156 548 2192 est
575 2152 796 2202 naturalis,
814 2152 915 2205 quia
938 2159 1002 2193 est
1026 2153 1068 2193 in
1096 2153 1228 2207 pleno
1251 2166 1435 2206 corpore
1457 2157 1501 2193 et
1523 2151 1840 2203 naturali‚licet
1863 2164 1905 2196 30

291 2225 523 2261 moveatur
544 2234 622 2275 per
646 2221 922 2272 violenciam,
951 2222 1067 2262 unde
1084 2222 1371 2276 equivocatur
1393 2221 1463 2263 hic
1484 2220 1699 2264 naturale.

351 2287 398 2329 Si
415 2289 587 2330 dicatur
604 2305 611 2330 :
646 2289 867 2331 Ponamus
890 2291 1084 2344 lapidem
1100 2305 1242 2345 supra.
1254 2291 1586 2332 convexitatem
1607 2289 1702 2340 celi,
1720 2296 1764 2331 et
1780 2290 1838 2331 sit

290 2356 432 2398 celum
448 2357 678 2410 divisibile,
696 2365 744 2400 ut
760 2358 873 2412 lapis
887 2374 913 2401 a
931 2366 1059 2414 parte
1073 2360 1153 2401 celi
1170 2374 1257 2401 non
1274 2360 1455 2413 recipiat
1470 2359 1838 2412 impedimentum

334 2485 354 2514 8
380 2484 637 2526 Phisicorum]
658 2485 699 2517 iv.
718 2495 771 2525 59.
1001 2487 1040 2516 18
1066 2486 1321 2528 Phisieorum]
1340 2487 1383 2518 iv.
1403 2497 1453 2527 71.

337 2624 356 2650 4
383 2612 561 2654 respiciet]
578 2613 741 2653 respiciat
760 2613 790 2643 Ο
924 2616 990 2654 5-6
1013 2620 1173 2655 respectu
1190 2615 1287 2646 vacui
1306 2626 1373 2647 om.
1393 2614 1424 2646 O
1561 2625 1601 2646 10
1625 2615 1703 2647 licet
1719 2625 1784 2646 om.
1802 2615 1845 2646 M

291 2674 333 2703 23
357 2664 450 2705 quia]
471 2665 633 2704 quoniam
654 2666 685 2697 O
849 2669 892 2698 26
916 2667 1045 2708 gravis]
1064 2667 1151 2698 levis
1169 2667 1210 2698 M
1361 2678 1401 2707 27
1426 2672 1459 2698 et
1476 2678 1544 2699 non
1556 2667 1710 2699 naturale
1721 2677 1786 2700 om.
1802 2667 1844 2698 M

292 2724 335 2753 30
359 2720 393 2746 et
410 2727 474 2748 om.
496 2716 537 2747 M
624 2727 662 2757 31
691 2719 882 2760 moveatur]
902 2725 1035 2750 moveat
1056 2718 1087 2749 O
1177 2719 1249 2761 hic]
1266 2719 1320 2750 hic
1338 2720 1373 2750 in
1394 2719 1424 2750 O
