1945 3079
107 661 164 684 121
185 664 205 685 a
225 661 251 686 Ι.

108 2398 163 2420 121
187 2399 207 2420 a
227 2398 255 2420 2.

1004 34 1091 85 416

274 175 376 203 nam
402 160 684 210 Archimidis,
710 165 753 200 et
778 160 1021 201 secundum
1044 160 1128 202 hoc
1153 160 1234 203 erit
1253 161 1484 215 dyameter
1501 167 1616 204 terre
1639 161 1824 204 miliaria

274 240 401 285 3‚245
424 235 468 270 et
495 229 710 270 medietas
743 228 929 279 miliarii,
959 235 1003 270 et
1036 229 1078 269 in
1111 230 1315 283 practicis
1347 231 1589 285 geometrie
1617 231 1824 285 predictis

270 299 363 353 jam
400 298 675 340 verificatum
710 304 777 339 est
810 311 888 351 per
921 305 1099 340 sextam
1125 298 1399 341 Archimidis
1432 307 1476 341 et
1505 313 1583 354 per
1618 306 1824 354 quartam

271 368 367 409 libri
397 368 437 408 T
435 367 554 409 rium
584 368 811 415 Fratrum,
835 368 956 421 quod
978 367 1086 408 illud
1108 368 1227 421 quod
1251 369 1452 422 provenit
1483 383 1541 410 ex
1574 369 1709 411 ductu
1732 369 1824 410 dia-

273 437 401 479 metri
425 437 467 477 in
493 435 894 478 circumferenciam
922 437 1107 477 maximi
1130 437 1277 478 circuli
1307 438 1350 477 in
1377 451 1506 491 spera
1532 443 1720 492 equatur
1741 438 1824 480 toti
1845 449 1864 482 5

273 506 519 560 superficiei
539 519 676 560 spere,
699 512 742 547 et
771 506 1039 547 sic'utuntur
1066 507 1309 548 astronomi
1333 513 1376 548 et
1401 521 1559 550 omnes
1577 507 1620 548 in
1643 507 1825 550 demon-

274 576 491 617 stracione
521 575 784 629 quantitatis
809 575 952 616 tocius
984 589 1122 629 spere.
1186 574 1232 616 Si
1266 589 1372 629 ergo
1404 576 1698 629 quantitatem
1731 577 1824 618 dia-

275 645 403 686 metri
417 651 529 686 terre
544 644 587 684 in
600 644 849 698 quantitate
877 643 881 699 Ι
911 650 1157 699 pretactam
1173 644 1456 686 rotunditatis
1475 637 1659 685 maximi
1679 645 1826 687 circuli

275 715 318 755 in
351 728 403 756 ea
438 714 713 764 duxerimus,
745 714 948 766 provenit
983 713 1108 754 nobis
1143 713 1369 767 quantitas
1408 713 1546 755 tocius
1581 713 1826 768 superficiei

273 791 400 835 terre,
436 782 759 838 13<2>‚418‚254
792 781 990 823 miliaria.
1054 781 1270 835 Quamvis
1302 777 1572 837 Alfraganus
1602 789 1827 838 supponat

273 852 467 893 radicem
502 852 746 906 predictam
781 851 838 892 de
873 864 976 892 arcu
1019 857 1133 892 terre
1174 851 1248 904 qui
1287 852 1524 905 respondet
1561 853 1635 893 uni
1670 852 1826 906 gradui

274 923 317 962 in
345 921 450 971 celo,
484 920 661 971 scilicet,
686 926 734 961 ut
765 919 920 960 archus
953 920 1114 961 habeat
1145 921 1201 974 56
1226 920 1408 961 miliaria
1439 926 1483 961 et
1516 921 1626 962 duas
1655 921 1824 973 tercias,

272 997 422 1032 tamen
444 990 740 1043 quantitatem
772 996 887 1030 terre
918 1002 1007 1030 non
1039 990 1175 1030 sumit
1207 990 1448 1030 secundum
1477 989 1589 1031 hanc
1622 991 1826 1040 radicem,

273 1060 355 1100 nisi
378 1072 530 1101 omnes
561 1057 659 1099 libri
693 1058 956 1099 Latinorum
990 1057 1149 1099 falsum
1178 1057 1373 1100 habeant
1404 1072 1649 1101 numerum.
1711 1057 1826 1115 Sup-

273 1130 396 1185 ponit
433 1129 549 1169 enim
588 1128 630 1167 in
668 1131 741 1169 21⁰
774 1126 967 1180 capitulo
1013 1127 1310 1180 quantitatem
1345 1128 1550 1170 diametri
1584 1135 1699 1170 terre
1730 1142 1827 1178 esse

275 1200 418 1251 6,5oo‚
441 1205 485 1240 et
507 1198 628 1251 quod
651 1196 979 1238 semidiameter
1009 1197 1066 1237 sit
1096 1204 1221 1251 3,250
1250 1196 1447 1248 miliaria,
1465 1199 1581 1239 unde
1602 1199 1647 1239 in
1668 1205 1826 1240 octavo

276 1268 471 1324 capitulo
494 1266 694 1308 similiter
716 1266 874 1320 accipit
898 1267 1192 1320 quantitatem
1210 1267 1415 1308 diametri
1437 1267 1549 1308 sicut
1572 1267 1616 1308 in
1636 1273 1718 1318 21⁰,
1742 1268 1825 1308 nisi

276 1340 395 1394 quod
418 1338 534 1387 dicit,
556 1334 694 1388 ‘fe1·e‚’
718 1350 796 1389 per
819 1335 903 1376 hoc
926 1336 1156 1378 intendens
1178 1337 1298 1390 quod
1323 1336 1471 1379 deficit
1485 1337 1653 1392 aliquid
1670 1338 1726 1379 de
1741 1338 1826 1379 hoc

277 1421 470 1458 numero,
487 1412 531 1447 et
549 1406 667 1459 quod
684 1419 772 1446 non
795 1410 862 1446 est
885 1405 1103 1446 diameter
1125 1412 1248 1447 tanta
1262 1406 1395 1459 juxta
1417 1406 1610 1448 radicem
1632 1407 1824 1461 positam

275 1477 332 1518 de
354 1491 454 1518 arcu
477 1482 603 1518 terre.
681 1473 760 1516 Set
783 1480 849 1515 est
875 1475 989 1515 sicut
1015 1474 1202 1527 predixi,
1224 1475 1401 1528 scilicet,
1422 1475 1571 1529 6‚451;
1606 1477 1721 1518 unde
1743 1475 1825 1517 hec

275 1548 500 1601 quantitas
522 1545 742 1598 dyametri
765 1549 942 1597 sumpta
956 1543 1089 1597 juxta
1112 1545 1302 1586 radicem
1327 1552 1393 1586 est
1416 1546 1556 1587 minor
1578 1547 1827 1599 quantitate

276 1617 495 1668 dyametri
510 1629 599 1669 qua
616 1614 809 1656 utiturin
826 1618 899 1655 210
916 1613 1111 1668 capitulo
1135 1628 1212 1668 per
1233 1628 1391 1655 novem
1418 1615 1594 1669 gradus,
1619 1621 1668 1656 ut
1685 1616 1824 1669 patet.

279 1686 326 1728 Si
350 1699 455 1740 ergo
477 1685 682 1726 volumus
714 1683 814 1724 huic
838 1683 1076 1736 quantitati
1106 1684 1342 1736 dyametri‚
1369 1685 1549 1735 scilicet,
1575 1685 1713 1740 6‚500‚
1736 1698 1825 1739 qua

275 1756 411 1796 utitur
432 1755 646 1808 adaptare
675 1753 877 1802 radicem,
900 1752 1093 1793 dicemus
1121 1753 1240 1806 quod
1264 1767 1390 1796 arcus
1412 1760 1527 1796 terre
1557 1755 1826 1810 respondens

276 1826 348 1866 uni
372 1825 527 1880 gradui
551 1824 594 1864 in
627 1822 722 1864 celo
756 1822 951 1864 continet
974 1823 1029 1877 56
1061 1822 1258 1874 miliaria,
1291 1829 1335 1865 et
1367 1825 1478 1865 duas
1509 1823 1667 1865 tercias
1699 1824 1824 1866 unius

278 1895 468 1945 miliaris,
486 1901 531 1936 et
545 1898 716 1947 septem
731 1893 1054 1947 nonagesimas,
1069 1899 1113 1933 et
1131 1906 1263 1934 unam
1279 1893 1645 1935 sexcentesimam
1661 1894 1825 1936 tricesi-

278 1978 411 2006 mam.
477 1964 538 2004 Et
560 1963 595 2003 si
624 1961 830 2003 volumus
857 1968 1116 2016 computare
1138 1976 1218 2016 per
1239 1962 1425 2013 cubitos,
1459 1963 1540 2005 erit
1561 1976 1688 2004 arcus
1709 1969 1824 2005 terre

275 2035 547 2088 respondens
577 2032 650 2073 uni
679 2031 834 2085 gradui
864 2032 906 2071 in
939 2031 1046 2083 celo,
1069 2031 1125 2084 56
1148 2031 1344 2085 miliaria,
1371 2038 1414 2073 et
1439 2030 1587 2087 2<9>84
1609 2032 1757 2082 cubiti,
1780 2038 1824 2074 et

276 2111 379 2146 octo
397 2102 675 2156 sexagesime
692 2101 836 2142 tercie.
900 2100 992 2154 <Et
1007 2107 1107 2142 octo
1125 2102 1407 2156 sexagesime
1425 2101 1586 2155 tercie>
1605 2108 1708 2144 sunt
1725 2101 1824 2156 plus

1848 798 1888 823 10

1849 1142 1887 1176 15

1847 1488 1903 1511 20*

1847 1833 1886 1867 25

276 2187 410 2226 quam
440 2186 527 2213 una
558 2177 714 2213 octava
745 2169 881 2211 cubiti
913 2184 990 2224 per
1020 2184 1153 2212 unam
1188 2171 1587 2227 quingentesimam
1618 2177 1823 2225 quartam
1843 2178 1886 2211 30

276 2243 402 2283 unius
421 2241 569 2292 cubiti,
587 2240 706 2294 quod
731 2240 784 2281 de
803 2238 917 2279 sacili
935 2245 1072 2293 patet.
1134 2240 1253 2281 Nam
1277 2246 1378 2282 octo
1395 2240 1672 2295 sexagesime
1689 2241 1825 2283 tercie

276 2309 424 2351 valent
442 2309 497 2358 64
512 2309 756 2361 quingenas
774 2312 966 2359 quartaS,
985 2312 1029 2347 et
1046 2307 1099 2361 63
1118 2312 1162 2347 et
1179 2307 1532 2362 quingentesime
1549 2312 1704 2360 quarte
1721 2313 1824 2349 sunt

276 2385 431 2420 octava
446 2378 588 2420 tocius
616 2375 621 2431 1
650 2389 754 2429 ergo
769 2374 825 2425 64
840 2376 1190 2429 quingentesime
1205 2383 1359 2430 quarte
1374 2377 1601 2418 excedunt
1618 2383 1822 2419 octavam

274 2449 318 2489 in
336 2461 422 2489 una
438 2445 789 2500 quingentesima
806 2452 974 2498 quarta,
989 2451 1033 2486 et
1050 2445 1111 2486 ita
1130 2451 1233 2486 octo
1251 2446 1529 2499 sexagesime
1545 2445 1679 2488 tercie
1697 2446 1822 2488 unius

318 2569 338 2597 4
363 2560 495 2589 '1²1-ium
526 2557 720 2598 Fratrum]
756 2557 971 2589 ‘Medietatis
1002 2558 1171 2597 dyametri
1203 2558 1316 2589 omnis
1347 2558 1462 2589 circuli
1494 2558 1734 2598 multiplicacio
1759 2558 1825 2602 (in)

274 2610 494 2641 medietatem
512 2609 602 2640 linee
623 2609 835 2640 continentis
858 2610 968 2649 ipsum
992 2614 1043 2641 est
1061 2610 1241 2641 embadum
1259 2610 1456 2651 superficiei
1479 2610 1554 2643 eius
1568 2611 1576 2629 '
1591 2603 1662 2652 (ed.
1682 2610 1819 2653 Curtze‚

277 2662 387 2702 1885).
524 2672 566 2692 22
590 2661 641 2693 Cf.
663 2661 758 2702 Opus
773 2661 891 2702 Majus
908 2662 927 2702 i,
947 2672 981 2702 p.
999 2664 1075 2703 226,
1093 2662 1113 2693 l.
1135 2671 1184 2693 11.

325 2764 363 2784 10
388 2753 462 2784 MS.
485 2754 666 2793 13438254.
