1945 3079
791 126 877 170 455

70 229 245 271 stellato
266 245 276 279 3
318 228 598 270 considerans
630 234 675 269 ut
708 230 826 282 quod
854 230 982 272 stella
1011 244 1097 283 que
1119 239 1185 274 est
1208 233 1250 273 in
1273 236 1422 288 capite
1444 238 1610 279 Arietis

70 298 253 339 visibilis
281 297 500 338 describat
530 297 739 337 circulum
771 311 954 351 parvum
984 299 1108 353 cujus
1130 301 1348 344 diameter
1373 313 1438 347 est
1463 306 1485 345 8
1511 320 1609 358 gra-

70 368 207 408 duum
240 372 284 408 et
315 376 367 420 37
403 365 671 406 minutorum
704 373 747 407 et
781 367 834 409 26
864 369 1170 421 secundorum,
1192 376 1234 411 et
1259 372 1458 414 similiter
1481 374 1612 415 Libre

69 434 265 486 visibilis,
287 440 331 476 et
352 435 411 475 sic
439 447 516 488 per
543 447 814 489 consequens
843 442 976 491 caput
1008 437 1164 480 Cancri
1187 445 1230 480 et
1254 439 1537 495 Capricorni3
1569 449 1613 483 et

34 526 52 559 5
71 509 217 545 totum
240 502 380 545 celum
403 501 641 556 aliquando
671 510 871 545 movetur
896 506 1220 559 progrediendo
1250 510 1489 550 secundum
1516 523 1613 551 suc-

71 572 314 614 cessionem
337 571 576 624 signorum,
599 577 643 611 et
670 573 956 624 regrediendo
985 581 1137 616 contra
1160 577 1490 619 successionem.
1554 579 1614 619 Et

72 654 326 695 progressus
358 645 538 680 vocatur
565 653 762 682 accessus
794 641 861 683 vel
888 644 1078 685 accessio
1110 650 1152 685 et
1184 658 1403 698 regressus
1434 653 1616 688 vocatur

72 724 278 752 recessus.

131 779 417 822 Ptholomeus
445 788 594 824 autem
624 783 854 825 estimatur
886 784 1018 827 fuisse
1049 785 1092 826 in
1123 792 1323 841 tempore
1349 801 1548 829 accessus
1570 793 1614 829 et

15 849 174 892 1oide0
206 862 294 890 non
325 851 521 904 percepit
554 865 809 904 regressum.
872 852 1084 895 Centrum
1114 861 1262 896 autem
1295 856 1442 897 circuli
1476 857 1614 907 istius,

74 932 204 974 quem
242 919 369 960 stella
406 919 449 959 in
483 919 487 973 Ι
519 921 663 974 capite
702 922 869 964 Arietis
908 923 1082 964 mobilis
1123 925 1344 975 describit,
1381 932 1446 968 est
1481 932 1732 980 caput134a
1753 942 1780 966 1.

76 987 242 1029 Arietis
270 987 314 1028 in
345 987 439 1030 celo
468 1002 587 1030 nono
608 991 848 1031 secundum
872 991 1078 1044 Thebith‚
1099 1006 1199 1034 nam
1223 993 1407 1035 circulus
1437 994 1614 1035 declivis

76 1057 378 1098 consideratur
419 1058 462 1098 in
503 1058 599 1099 celo
641 1072 758 1101 nono
795 1061 1059 1103 intersecans
1099 1063 1307 1103 circulum
1350 1069 1516 1104 rectum
1558 1064 1615 1104 ad

79 1127 262 1168 modum
285 1126 597 1179 equinoccialis
619 1129 662 1168 in
685 1142 748 1169 eo.
822 1129 882 1170 Et
906 1129 976 1172 hic
999 1131 1183 1172 circulus
1205 1138 1387 1173 vocatur
1409 1133 1614 1174 zodiacus

18 1214 56 1247 15
79 1195 192 1236 fixus
234 1202 277 1237 et
315 1196 582 1246 immobilis;
629 1210 717 1238 non
754 1198 857 1251 quia
894 1212 980 1239 non
1023 1206 1262 1248 moveatur,
1302 1207 1367 1242 set
1405 1200 1519 1242 fixus
1550 1207 1615 1242 est

78 1273 278 1319 respectu
301 1267 467 1307 zodiaci
491 1267 534 1307 in
552 1266 647 1308 celo
670 1267 857 1317 stellato,
873 1268 1082 1321 quoniam
1106 1270 1179 1310 ille
1197 1270 1401 1311 zodiacus
1419 1277 1617 1311 movetur

79 1342 281 1389 respectu
304 1335 493 1386 alterius,
511 1337 585 1389 qui
608 1343 674 1378 est
698 1337 739 1376 in
762 1337 858 1378 celo
877 1350 1004 1378 nono.
1060 1338 1120 1380 Et
1142 1339 1242 1380 licet
1265 1352 1352 1380 non
1374 1340 1460 1380 sint
1482 1339 1619 1392 figure

78 1405 333 1446 animalium
362 1406 405 1446 in
438 1406 532 1447 celo
564 1419 681 1447 nono
713 1406 816 1459 quia
844 1405 1018 1447 stellam
1048 1420 1136 1447 non
1162 1407 1310 1458 habet,
1331 1414 1480 1449 tamen
1502 1409 1620 1449 orbis

79 1473 258 1516 declivis
292 1474 335 1514 in
371 1488 424 1516 eo
463 1474 596 1516 habet
630 1474 864 1515 duodecim
899 1481 1045 1528 partes
1079 1476 1255 1527 equales
1292 1489 1378 1529 que
1409 1483 1620 1518 vocantur

19 1562 61 1585 20
81 1543 220 1597 signa,
241 1543 284 1583 in
306 1542 475 1596 quibus,
498 1549 679 1597 propter
707 1543 1061 1585 convenienciam
1086 1558 1186 1585 cum
1209 1544 1345 1599 signis
1366 1545 1409 1586 in
1433 1546 1616 1587 zodiaco

80 1612 247 1664 mobili,
268 1612 483 1665 recipiunt
506 1612 685 1653 nomina
706 1611 963 1653 animalium
985 1612 1094 1654 sicut
1118 1612 1202 1654 illa.

53 1682 56 1686 ’
139 1681 461 1734 Ymaginemur
492 1681 623 1735 igitur
651 1681 990 1735 equinoccialem
1019 1681 1229 1723 circulum
1259 1689 1301 1723 et
1324 1683 1553 1725 zodiacum
1576 1683 1619 1723 in

81 1750 177 1793 celo
200 1763 319 1791 nono
342 1750 563 1791 declinare
584 1750 641 1790 ab
663 1750 948 1803 equinocciali
975 1751 1031 1791 ad
1055 1752 1398 1804 septentrionem
1427 1757 1470 1793 et
1493 1752 1619 1793 meri-

84 1819 201 1861 diem
242 1832 321 1873 per
358 1830 413 1868 24
453 1819 615 1872 gradus
658 1825 702 1860 et
743 1831 799 1874 33
842 1819 1011 1860 minuta
1051 1820 1290 1860 secundum
1333 1820 1541 1870 Thebith,
1577 1827 1621 1861 et

23 1908 38 1930 2
47 1907 65 1939 5
83 1889 392 1943 ymaginemur
417 1888 659 1929 orizontem
693 1888 768 1940 qui
801 1889 909 1929 istos
938 1887 1121 1929 circulos
1144 1888 1372 1930 intersecet
1394 1890 1436 1929 in
1459 1895 1622 1943 puncto

86 1956 311 1998 communi
333 1956 406 1998 ubi
429 1957 736 2010 equinoccialis
758 1963 801 1997 et
822 1957 1029 1998 zodiacus
1050 1971 1096 1998 se
1119 1957 1395 1999 intersecant.
1458 1958 1519 1999 Et
1540 1958 1624 1999 hoc

84 2033 150 2068 est
181 2027 226 2067 in
258 2026 404 2079 capite
437 2026 604 2067 Arietis
631 2032 674 2067 et
699 2026 832 2066 Libre
854 2025 933 2066 celi
956 2026 1069 2067 noni.
1134 2025 1281 2080 Caput
1304 2026 1436 2079 igitur
1457 2027 1624 2067 Arietis

89 2095 263 2137 mobilis
286 2096 328 2135 in
353 2094 446 2136 celo
474 2094 651 2136 stellato
680 2101 882 2136 movetur
910 2095 952 2135 in
976 2094 1156 2136 circuitu
1179 2095 1334 2148 capitis
1356 2095 1523 2137 Arietis
1545 2095 1624 2136 fixi

87 2165 130 2205 in
162 2164 258 2205 celo
291 2177 419 2214 non0‚
451 2170 496 2205 et
526 2169 660 2216 caput
691 2162 826 2204 Libre
861 2162 1033 2203 mobilis
1062 2163 1175 2204 circa
1207 2170 1338 2218 caput
1372 2164 1505 2205 Libre
1534 2163 1625 2204 fixe

22 2252 65 2284 30
89 2240 303 2275 movetur.
388 2233 448 2274 Et
490 2239 621 2286 caput
665 2231 821 2273 Cancri
865 2239 1067 2274 movetur
1114 2245 1288 2286 semper
1335 2232 1378 2272 in
1427 2232 1625 2286 ecliptica

86 2303 256 2344 zodiaci
295 2301 387 2352 fixi,
422 2301 747 2355 progrediendo
781 2299 850 2341 vel
887 2301 1185 2354 regrediendo,
1223 2308 1266 2342 et
1299 2300 1358 2342 sic
1391 2301 1446 2343 de
1482 2302 1626 2356 capite

88 2371 353 2427 Capricorni.
397 2371 457 2412 Et
479 2384 557 2425 per
578 2383 847 2422 consequens
871 2375 1073 2410 movetur
1093 2376 1237 2411 totum
1260 2370 1401 2411 celum
1419 2376 1623 2412 octavum

86 2455 165 2496 per
185 2441 301 2482 hunc
326 2446 508 2481 motum.
554 2439 601 2480 Si
626 2439 757 2492 igitur
774 2438 1019 2492 applicetur
1036 2439 1240 2479 zodiacus
1258 2439 1433 2481 mobilis
1448 2440 1626 2481 zodiaco

88 2509 193 2562 fixo,
223 2516 326 2551 tunc
359 2514 508 2563 potest
540 2521 634 2549 esse
665 2507 784 2560 quod
816 2513 949 2560 caput
979 2506 1146 2548 Arietis
1167 2508 1223 2548 sit
1245 2508 1287 2548 in
1309 2508 1437 2562 signo
1459 2508 1628 2549 Arietis

28 2595 67 2630 35
89 2579 169 2620 fixi
210 2586 254 2620 et
296 2578 488 2619 Piscium
523 2576 727 2624 fixorum,
767 2582 811 2617 et
842 2581 974 2629 caput
1014 2574 1147 2616 Libre
1183 2576 1224 2616 in
1255 2577 1381 2631 signo
1421 2577 1552 2619 Libre
1583 2584 1627 2619 et

87 2647 283 2702 Virginis
311 2645 316 2702 Ι
344 2653 387 2687 et
416 2653 564 2687 tamen
597 2653 699 2687 tunc
731 2651 854 2685 erunt
878 2645 920 2684 in
944 2650 1167 2697 equatore‚
1190 2645 1366 2696 scilicet,
1392 2645 1434 2686 in
1464 2646 1627 2687 directo
1652 2656 1712 2688 ¹34
1731 2658 1749 2679 a
1769 2656 1797 2680 ²·

89 2717 306 2771 graduum
344 2716 568 2770 signorum
606 2714 839 2764 dictorum,
875 2719 919 2755 et
958 2727 1038 2767 pro
1070 2720 1195 2755 tanto
1226 2714 1428 2757 dicuntur
1460 2728 1553 2756 esse
1585 2715 1628 2755 in

141 2829 176 2851 11
204 2817 324 2859 quem]
341 2817 432 2857 quod
451 2816 492 2848 M
791 2825 830 2854 24
857 2814 913 2856 24]
933 2824 951 2854 5
970 2825 1049 2847 corr.
1068 2815 1101 2846 in
1119 2825 1227 2856 marg.
1244 2815 1285 2846 M
