1945 3079
800 89 882 143 365

34 213 36 216 ·
73 200 129 240 ab
150 199 237 241 alio
258 199 439 247 causari,
461 200 574 240 sicut
598 200 729 253 frigus
747 201 1047 254 constringens
1065 216 1195 256 poros
1219 205 1260 244 in
1279 217 1408 258 yeme
1430 205 1531 246 facit
1554 206 1609 245 ad

75 269 407 322 generacionem
431 267 588 309 caloris
612 269 790 322 majoris
815 270 857 309 in
880 271 1136 324 corporibus
1158 273 1424 313 animalium.

132 336 181 379 Si
206 343 355 379 tamen
382 337 552 378 dicatur
573 338 693 390 quod
722 343 890 379 rectum
920 352 1007 378 non
1037 340 1210 381 videtur
1239 342 1407 382 causari
1429 355 1454 382 a
1476 342 1611 382 circu-

74 407 177 448 lari:
211 407 445 448 dicendum
470 411 536 446 est
557 407 676 459 quod
703 407 764 448 sic
790 420 869 459 per
889 408 1105 459 accidens,
1127 415 1174 449 ut
1203 417 1379 463 propter
1400 417 1611 463 punctum

34 489 52 522 5
75 477 118 517 in
152 476 299 517 medio
336 488 462 529 spere
493 474 562 515 vel
596 474 742 516 circuli
781 483 963 528 possunt
1004 477 1116 517 linee
1150 484 1266 519 recte
1299 479 1398 519 duci
1435 478 1613 531 equales

73 545 263 598 undique
284 544 339 585 ad
358 544 769 585 circumferenciam.
833 544 893 585 Et
916 544 999 585 hoc
1029 546 1189 587 accidit
1211 560 1335 599 spere
1361 546 1429 587 vel
1451 547 1613 588 circulo

72 615 184 656 sicut
216 614 356 668 figura
387 612 607 655 circularis
640 619 771 655 recto.
837 613 916 655 Set
948 620 1096 655 tamen
1128 615 1460 668 intelligendum
1493 616 1613 668 quod

74 683 328 737 hujusmodi
351 683 553 723 accidens
576 695 664 723 non
692 688 757 723 est
780 695 858 735 per
879 683 1080 724 accidens
1103 690 1256 724 contra
1278 697 1356 736 per
1385 697 1429 723 se
1451 690 1516 723 set
1538 696 1616 736 per

75 752 276 795 accidens
298 757 450 793 contra
482 751 637 804 primo.
702 751 820 792 Nam
854 750 993 804 figura
1025 751 1243 793 circularis
1273 757 1339 792 est
1371 751 1617 792 essencialis

16 837 56 860 ιο
74 821 315 870 elementis,
337 821 437 861 licet
469 820 740 869 secundario,
762 826 807 861 et
835 820 1053 861 rectitudo
1085 820 1529 874 semidyametrorum
1551 824 1618 859 est

75 890 320 933 esse-ncialis
342 889 504 931 circulo
527 895 571 930 et
593 903 719 944 spere
740 904 749 941 ;
782 889 867 930 hoc
890 895 955 931 est
977 889 1250 931 secundario.

133 959 179 1001 Si
201 960 368 1002 dicatur
394 957 400 1015 Ι
427 959 548 1012 quod
572 959 780 1000 diffinicio
810 958 954 999 circuli
985 964 1028 999 et
1056 971 1181 1012 spere
1206 958 1335 998 datur
1363 969 1441 1009 per
1469 956 1617 1010 hujus—
1637 972 1676 1004 O.
1695 980 1733 1011 25
1751 983 1781 1004 a.

78 1029 196 1072 modi
219 1029 354 1070 lineas
375 1045 383 1070 :
417 1029 516 1070 dico
534 1029 653 1082 quod
677 1041 764 1068 non
782 1033 848 1069 est
865 1028 1095 1080 potissima
1113 1026 1418 1074 diffinicio,set
1440 1025 1619 1078 vulgata

74 1105 118 1141 et
145 1111 368 1151 concessa,
389 1098 501 1139 sicut
532 1096 872 1138 mathematicus
900 1096 1034 1138 habet
1068 1095 1372 1136 determinare.
1436 1088 1496 1134 Et
1517 1093 1620 1136 licet

17 1187 54 1219 ¹5
78 1169 120 1209 in
152 1181 252 1209 vere
283 1167 513 1209 contrariis
545 1180 631 1220 que
662 1171 818 1206 mutuo
851 1179 897 1206 se
928 1165 1153 1206 destruere
1184 1169 1287 1204 nata
1313 1169 1427 1211 sunt,
1450 1160 1620 1203 accidat

75 1237 256 1278 omnino
279 1249 356 1290 per
382 1236 595 1284 accidens,
616 1233 793 1281 scilicet,
825 1239 917 1275 tam
948 1238 1100 1274 contra
1132 1245 1210 1285 per
1240 1245 1286 1272 se
1313 1245 1446 1284 quam
1468 1236 1621 1272 contra

75 1306 230 1360 primo,
253 1311 301 1347 ut
323 1305 365 1345 in
389 1305 533 1347 calido
555 1310 599 1345 et
620 1303 794 1357 frigido,
823 1309 971 1345 tamen
995 1302 1117 1356 largo
1145 1301 1280 1341 modo
1307 1300 1494 1353 sumptis
1519 1313 1620 1340 con-

75 1376 227 1425 trariis,
250 1376 361 1417 sicut
383 1381 484 1416 sunt
513 1366 587 1415 illa
619 1386 706 1426 que
734 1380 822 1413 non
854 1376 958 1413 nata
987 1376 1088 1411 sunt
1116 1370 1289 1425 penitus
1316 1383 1362 1410 se
1389 1370 1623 1417 destruere,

74 1445 319 1499 cujusmodi
352 1450 454 1485 sunt
491 1448 657 1484 rectum
694 1448 738 1483 et
772 1434 993 1491 circulare,
1031 1450 1168 1480 unum
1206 1445 1249 1479 et
1285 1437 1437 1489 multa,
1478 1442 1622 1490 potest

17 1530 58 1553 20
75 1528 211 1556 unum
235 1514 401 1555 causari
428 1514 484 1554 ab
506 1512 606 1561 alio,
629 1524 716 1551 non
734 1510 877 1552 solum
894 1523 971 1563 per
992 1508 1195 1550 accidens
1213 1513 1365 1548 contra
1386 1506 1540 1560 primO,
1557 1511 1623 1545 set

5 1577 9 1580 ⁴
76 1598 154 1644 per
186 1597 233 1624 se
270 1584 603 1637 quodammodo
635 1583 747 1623 sicut
783 1586 940 1622 natura
970 1578 1163 1631 requirit,
1200 1577 1311 1617 sicut
1342 1582 1509 1617 tactum
1543 1581 1623 1615 est.

76 1655 194 1695 Nam
224 1653 324 1708 quia
359 1666 495 1694 unum
528 1666 616 1694 non
654 1658 721 1693 est
751 1655 904 1692 natum
934 1647 1052 1688 aliud
1084 1647 1320 1696 destruere,
1352 1644 1452 1684 ideo
1485 1643 1625 1697 magis

80 1738 126 1766 se
162 1722 498 1778 compaciuntur
540 1734 674 1774 quam
717 1718 934 1761 contraria
975 1729 1061 1770 que
1096 1721 1252 1757 mutuo
1295 1712 1552 1754 naturaliter
1579 1725 1625 1752 se

74 1798 370 1848 corrumpunt.

18 1878 57 1910 ²5
136 1862 361 1916 Quoniam
398 1865 548 1902 autem
586 1864 755 1900 tactum
794 1859 860 1897 est
895 1855 949 1895 de
986 1853 1127 1907 figura
1159 1847 1317 1901 circuli,
1354 1864 1440 1904 que
1480 1862 1624 1891 essen-

79 1931 203 1973 cialis
240 1937 307 1972 est
341 1929 585 1981 elementis,
617 1926 801 1968 dubium
833 1930 899 1966 est
928 1923 933 1979 Ι
961 1924 1016 1964 de
1048 1921 1145 1972 hoc,
1184 1926 1227 1961 et
1259 1926 1408 1960 tamen
1438 1932 1538 1959 cum
1567 1918 1622 1959 ad

78 2007 281 2042 naturam
323 2012 473 2040 eorum
519 1995 814 2038 essencialiter
846 1993 1042 2048 sequitur
1073 1996 1117 2032 et
1151 1987 1418 2036 naturaliter,
1450 1993 1626 2041 oportet

77 2070 198 2124 quod
229 2069 287 2111 sit
317 2069 379 2110 eis
411 2065 673 2115 essencialiS,
705 2071 750 2106 et
786 2062 986 2104 similiter
1023 2061 1066 2101 in
1100 2065 1314 2113 quantum
1348 2063 1447 2098 sunt
1480 2062 1625 2110 partes

82 2139 248 2189 mundi,
286 2136 536 2178 essencialis
573 2140 639 2176 est
676 2134 739 2174 eis
779 2138 959 2186 propter
996 2130 1182 2184 figuram
1216 2125 1489 2175 continentis,
1523 2139 1627 2179 ergo

21 2221 63 2255 30
81 2215 172 2250 tam
210 2206 413 2248 absolute
450 2218 583 2259 quam
617 2203 753 2244 relate
789 2207 855 2243 est
892 2201 952 2242 eis
982 2197 1257 2240 essencialis:
1290 2195 1526 2236 dicendum
1560 2200 1627 2235 est

81 2278 213 2332 igitur
247 2277 369 2331 quod
405 2274 546 2328 figura
587 2271 806 2314 circularis
848 2275 914 2311 est
956 2266 1183 2309 elementis
1225 2262 1485 2313 essencialis‚
1524 2264 1627 2316 quia

84 2347 282 2401 sequitur
321 2345 377 2387 ad
420 2350 623 2385 naturam
666 2354 819 2381 eorum
861 2336 1111 2392 specificam
1148 2332 1351 2375 absolute
1393 2337 1437 2372 et
1478 2331 1627 2372 relate.

83 2416 162 2459 Set
196 2427 284 2456 non
316 2419 383 2454 est
409 2413 470 2455 eis
498 2409 745 2454 essencialis
776 2413 955 2462 propter
987 2404 1318 2447 inclinacionem
1341 2400 1628 2451 consimilem,

82 2492 130 2528 ut
151 2485 195 2526 in
218 2483 327 2526 celo.

127 2625 149 2655 6
172 2622 337 2664 undique]
349 2621 473 2661 ubique
487 2619 517 2650 Ο
584 2619 649 2659 8-9
673 2627 736 2658 per
746 2626 783 2647 se
800 2639 807 2646 .
826 2638 835 2648 .
854 2639 861 2646 .
880 2617 1000 2645 contra
1015 2622 1082 2644 om.
1095 2610 1137 2641 M
1205 2618 1245 2640 10
1269 2606 1628 2647 semidyametrorum]

84 2677 339 2717 dyametrorum
353 2673 395 2704 M
484 2682 522 2711 14
540 2666 789 2708 determinare]
804 2667 928 2697 docere
944 2664 975 2695 Ο
1069 2672 1109 2703 19
1126 2670 1232 2693 unum
1246 2670 1312 2692 om.
1330 2658 1361 2690 Ο
1443 2667 1485 2688 20
1501 2656 1629 2698 solum]

85 2732 196 2759 tamen
212 2726 255 2758 M
374 2735 416 2756 22
441 2734 509 2755 non
527 2733 593 2754 om.
613 2721 655 2752 M
773 2729 813 2759 27
839 2714 1058 2756 naturaliter]
1076 2713 1232 2746 similiter
1247 2711 1289 2742 M
1404 2719 1446 2750 29
1470 2709 1628 2749 figuram]

85 2785 239 2812 naturam
254 2778 295 2810 M
351 2787 395 2818 30
418 2777 469 2807 eis
484 2785 553 2807 om.
571 2774 602 2806 Ο
660 2782 702 2812 33
726 2771 778 2803 eis
793 2780 861 2802 om.
879 2769 920 2800 M
976 2763 1254 2805 inclinacionem]
1269 2761 1580 2794 consideracionem
1593 2760 1634 2792 M

1646 1929 1707 1960 106
1724 1939 1743 1960 a
1763 1938 1793 1960 2.
