<?xml version="1.0" encoding="UTF-8"?>
<!DOCTYPE html PUBLIC "-//W3C//DTD XHTML 1.0 Transitional//EN"
    "http://www.w3.org/TR/xhtml1/DTD/xhtml1-transitional.dtd">
<html xmlns="http://www.w3.org/1999/xhtml" xml:lang="en" lang="en">
 <head>
  <title>
</title>
<meta http-equiv="Content-Type" content="text/html;charset=utf-8" />
  <meta name='ocr-system' content='tesseract 3.04.00' />
  <meta name='ocr-capabilities' content='ocr_page ocr_carea ocr_par ocr_line ocrx_word'/>
</head>
<body>
  <div class='ocr_page' id='page_1' title='image "./operahactenusine04baco_0059.png"; bbox 0 0 1945 3079; ppageno 0'>
   <div class='ocr_carea' id='block_1_1' title="bbox 806 138 888 184">
    <p class='ocr_par' dir='ltr' id='par_1_1' title="bbox 806 138 888 184">
     <span class='ocr_line' id='line_1_1' title="bbox 806 138 888 184; baseline 0 -1"><span class='ocrx_word' id='word_1_1' title='bbox 806 138 888 184; x_wconf 81' lang='lat'><strong>355</strong></span> 
     </span>
    </p>
   </div>
   <div class='ocr_carea' id='block_1_2' title="bbox 37 243 1618 709">
    <p class='ocr_par' dir='ltr' id='par_1_2' title="bbox 37 243 1618 709">
     <span class='ocr_line' id='line_1_2' title="bbox 78 243 1617 299; baseline 0.001 -14"><span class='ocrx_word' id='word_1_2' title='bbox 78 250 192 286; x_wconf 87' lang='lat' dir='ltr'><strong>esset</strong></span> <span class='ocrx_word' id='word_1_3' title='bbox 221 243 364 298; x_wconf 88' lang='lat' dir='ltr'><strong>plana,</strong></span> <span class='ocrx_word' id='word_1_4' title='bbox 384 249 487 284; x_wconf 90' lang='lat' dir='ltr'><strong>tunc</strong></span> <span class='ocrx_word' id='word_1_5' title='bbox 515 256 601 283; x_wconf 89' lang='lat' dir='ltr'><strong>non</strong></span> <span class='ocrx_word' id='word_1_6' title='bbox 627 250 827 296; x_wconf 83' lang='lat' dir='ltr'><strong>tangeret</strong></span> <span class='ocrx_word' id='word_1_7' title='bbox 850 244 1124 297; x_wconf 89' lang='lat' dir='ltr'><strong>superficiem</strong></span> <span class='ocrx_word' id='word_1_8' title='bbox 1147 258 1260 297; x_wconf 83' lang='lat' dir='ltr'><strong>aque</strong></span> <span class='ocrx_word' id='word_1_9' title='bbox 1285 245 1364 286; x_wconf 88' lang='lat' dir='ltr'><strong>nisi</strong></span> <span class='ocrx_word' id='word_1_10' title='bbox 1389 246 1430 286; x_wconf 89' lang='lat' dir='ltr'><strong>in</strong></span> <span class='ocrx_word' id='word_1_11' title='bbox 1454 252 1617 299; x_wconf 90' lang='lat' dir='ltr'><strong>puncto</strong></span> 
     </span>
     <span class='ocr_line' id='line_1_3' title="bbox 76 311 1618 368; baseline 0.001 -15"><span class='ocrx_word' id='word_1_12' title='bbox 76 326 154 367; x_wconf 92' lang='lat' dir='ltr'><strong>per</strong></span> <span class='ocrx_word' id='word_1_13' title='bbox 185 312 363 354; x_wconf 79' lang='lat' dir='ltr'><strong>terciam</strong></span> <span class='ocrx_word' id='word_1_14' title='bbox 388 311 515 366; x_wconf 92' lang='lat' dir='ltr'><strong>primi</strong></span> <span class='ocrx_word' id='word_1_15' title='bbox 539 311 780 353; x_wconf 87' lang='lat' dir='ltr'>Theodosii</span> <span class='ocrx_word' id='word_1_16' title='bbox 802 311 854 352; x_wconf 86' lang='lat' dir='ltr'><strong>de</strong></span> <span class='ocrx_word' id='word_1_17' title='bbox 878 311 1056 365; x_wconf 78' lang='lat' dir='ltr'><strong>Sperz’s;</strong></span> <span class='ocrx_word' id='word_1_18' title='bbox 1089 327 1193 367; x_wconf 82' lang='lat' dir='ltr'><strong>ergo</strong></span> <span class='ocrx_word' id='word_1_19' title='bbox 1214 327 1400 354; x_wconf 89' lang='lat' dir='ltr'><strong>vacuum</strong></span> <span class='ocrx_word' id='word_1_20' title='bbox 1425 315 1618 368; x_wconf 89' lang='lat' dir='ltr'><strong>undique</strong></span> 
     </span>
     <span class='ocr_line' id='line_1_4' title="bbox 76 379 1615 436; baseline 0.002 -15"><span class='ocrx_word' id='word_1_21' title='bbox 76 382 401 434; x_wconf 87' lang='lat' dir='ltr'><strong>relinqueretur.</strong></span> <span class='ocrx_word' id='word_1_22' title='bbox 450 379 497 420; x_wconf 87' lang='lat' dir='ltr'><strong>Si</strong></span> <span class='ocrx_word' id='word_1_23' title='bbox 516 394 619 421; x_wconf 88' lang='lat' dir='ltr'><strong>vero</strong></span> <span class='ocrx_word' id='word_1_24' title='bbox 636 387 752 422; x_wconf 87' lang='lat' dir='ltr'><strong>esset</strong></span> <span class='ocrx_word' id='word_1_25' title='bbox 769 394 969 422; x_wconf 84' lang='lat' dir='ltr'><strong>convexa</strong></span> <span class='ocrx_word' id='word_1_26' title='bbox 987 383 1142 423; x_wconf 89' lang='lat' dir='ltr'><strong>eodem</strong></span> <span class='ocrx_word' id='word_1_27' title='bbox 1159 383 1292 423; x_wconf 90' lang='lat' dir='ltr'><strong>modo</strong></span> <span class='ocrx_word' id='word_1_28' title='bbox 1310 396 1397 424; x_wconf 90' lang='lat' dir='ltr'><strong>non</strong></span> <span class='ocrx_word' id='word_1_29' title='bbox 1417 389 1615 436; x_wconf 84' lang='lat' dir='ltr'><strong>tangeret</strong></span> 
     </span>
     <span class='ocr_line' id='line_1_5' title="bbox 76 449 1615 506; baseline 0.001 -16"><span class='ocrx_word' id='word_1_30' title='bbox 76 450 154 491; x_wconf 91' lang='lat' dir='ltr'><strong>nisi</strong></span> <span class='ocrx_word' id='word_1_31' title='bbox 173 450 216 490; x_wconf 90' lang='lat' dir='ltr'><strong>in</strong></span> <span class='ocrx_word' id='word_1_32' title='bbox 233 456 398 504; x_wconf 91' lang='lat' dir='ltr'><strong>puncto</strong></span> <span class='ocrx_word' id='word_1_33' title='bbox 417 463 494 502; x_wconf 91' lang='lat' dir='ltr'><strong>per</strong></span> <span class='ocrx_word' id='word_1_34' title='bbox 510 455 610 490; x_wconf 67' lang='lat' dir='ltr'><strong>12²¹¹n</strong></span> <span class='ocrx_word' id='word_1_35' title='bbox 624 449 745 490; x_wconf 88' lang='lat' dir='ltr'><strong>tercii</strong></span> <span class='ocrx_word' id='word_1_36' title='bbox 758 449 1089 491; x_wconf 73' lang='lat' dir='ltr'><strong>Elementorum</strong></span> <span class='ocrx_word' id='word_1_37' title='bbox 1109 450 1318 502; x_wconf 88' lang='lat' dir='ltr'><strong>Euclidis‚</strong></span> <span class='ocrx_word' id='word_1_38' title='bbox 1336 458 1615 506; x_wconf 72' lang='lat' dir='ltr'><strong>quapropter,</strong></span> 
     </span>
     <span class='ocr_line' id='line_1_6' title="bbox 37 518 1616 573; baseline 0.001 -14"><span class='ocrx_word' id='word_1_39' title='bbox 37 531 55 564; x_wconf 86' lang='lat'><strong>5</strong></span> <span class='ocrx_word' id='word_1_40' title='bbox 77 525 125 560; x_wconf 91' lang='lat' dir='ltr'><strong>ut</strong></span> <span class='ocrx_word' id='word_1_41' title='bbox 143 524 266 572; x_wconf 88' lang='lat' dir='ltr'><strong>patet</strong></span> <span class='ocrx_word' id='word_1_42' title='bbox 281 518 497 573; x_wconf 85' lang='lat' dir='ltr'><strong>figuranti,</strong></span> <span class='ocrx_word' id='word_1_43' title='bbox 516 523 631 558; x_wconf 91' lang='lat' dir='ltr'><strong>esset</strong></span> <span class='ocrx_word' id='word_1_44' title='bbox 648 532 833 560; x_wconf 89' lang='lat' dir='ltr'><strong>vacuum</strong></span> <span class='ocrx_word' id='word_1_45' title='bbox 853 533 862 570; x_wconf 90' lang='lat'>;</span> <span class='ocrx_word' id='word_1_46' title='bbox 895 525 938 559; x_wconf 95' lang='lat' dir='ltr'><strong>et</strong></span> <span class='ocrx_word' id='word_1_47' title='bbox 964 525 1199 572; x_wconf 87' lang='lat' dir='ltr'><strong>propterea</strong></span> <span class='ocrx_word' id='word_1_48' title='bbox 1221 533 1420 560; x_wconf 84' lang='lat' dir='ltr'><strong>convexa</strong></span> <span class='ocrx_word' id='word_1_49' title='bbox 1442 534 1529 561; x_wconf 92' lang='lat' dir='ltr'><strong>non</strong></span> <span class='ocrx_word' id='word_1_50' title='bbox 1551 527 1616 562; x_wconf 91' lang='lat' dir='ltr'><strong>est</strong></span> 
     </span>
     <span class='ocr_line' id='line_1_7' title="bbox 76 586 1616 641; baseline 0.002 -14"><span class='ocrx_word' id='word_1_51' title='bbox 76 593 179 628; x_wconf 86' lang='lat' dir='ltr'><strong>nata</strong></span> <span class='ocrx_word' id='word_1_52' title='bbox 207 588 438 636; x_wconf 87' lang='lat' dir='ltr'><strong>continere,</strong></span> <span class='ocrx_word' id='word_1_53' title='bbox 461 586 662 628; x_wconf 90' lang='lat' dir='ltr'><strong>similiter</strong></span> <span class='ocrx_word' id='word_1_54' title='bbox 691 600 770 627; x_wconf 91' lang='lat' dir='ltr'><strong>nec</strong></span> <span class='ocrx_word' id='word_1_55' title='bbox 798 586 939 640; x_wconf 89' lang='lat' dir='ltr'><strong>plana,</strong></span> <span class='ocrx_word' id='word_1_56' title='bbox 962 601 1065 641; x_wconf 85' lang='lat' dir='ltr'><strong>ergo</strong></span> <span class='ocrx_word' id='word_1_57' title='bbox 1091 594 1266 641; x_wconf 85' lang='lat' dir='ltr'><strong>oportet</strong></span> <span class='ocrx_word' id='word_1_58' title='bbox 1289 590 1407 641; x_wconf 92' lang='lat' dir='ltr'><strong>quod</strong></span> <span class='ocrx_word' id='word_1_59' title='bbox 1431 589 1486 629; x_wconf 89' lang='lat' dir='ltr'><strong>sit</strong></span> <span class='ocrx_word' id='word_1_60' title='bbox 1512 602 1616 630; x_wconf 87' lang='lat' dir='ltr'><strong>con-</strong></span> 
     </span>
     <span class='ocr_line' id='line_1_8' title="bbox 76 655 1616 709; baseline 0 -11"><span class='ocrx_word' id='word_1_61' title='bbox 76 669 196 698; x_wconf 85' lang='lat' dir='ltr'><strong>cava.</strong></span> <span class='ocrx_word' id='word_1_62' title='bbox 240 655 318 697; x_wconf 88' lang='lat' dir='ltr'><strong>Set</strong></span> <span class='ocrx_word' id='word_1_63' title='bbox 335 656 370 695; x_wconf 89' lang='lat' dir='ltr'><strong>si</strong></span> <span class='ocrx_word' id='word_1_64' title='bbox 389 669 474 696; x_wconf 92' lang='lat' dir='ltr'><strong>non</strong></span> <span class='ocrx_word' id='word_1_65' title='bbox 492 656 548 697; x_wconf 94' lang='lat' dir='ltr'><strong>sit</strong></span> <span class='ocrx_word' id='word_1_66' title='bbox 565 657 810 697; x_wconf 82' lang='lat' dir='ltr'>concavitas</span> <span class='ocrx_word' id='word_1_67' title='bbox 833 669 958 709; x_wconf 90' lang='lat' dir='ltr'><strong>spere</strong></span> <span class='ocrx_word' id='word_1_68' title='bbox 980 669 1066 697; x_wconf 91' lang='lat' dir='ltr'><strong>non</strong></span> <span class='ocrx_word' id='word_1_69' title='bbox 1089 656 1322 709; x_wconf 86' lang='lat' dir='ltr'><strong>equabitur</strong></span> <span class='ocrx_word' id='word_1_70' title='bbox 1344 657 1616 699; x_wconf 85' lang='lat' dir='ltr'><strong>convexitati</strong></span> 
     </span>
    </p>
   </div>
   <div class='ocr_carea' id='block_1_3' title="bbox 78 723 1786 780">
    <p class='ocr_par' dir='ltr' id='par_1_3' title="bbox 78 723 1786 780">
     <span class='ocr_line' id='line_1_9' title="bbox 78 723 1786 780; baseline 0.001 -14"><span class='ocrx_word' id='word_1_71' title='bbox 78 724 235 779; x_wconf 85' lang='lat' dir='ltr'><strong>sperali</strong></span> <span class='ocrx_word' id='word_1_72' title='bbox 268 725 475 779; x_wconf 88' lang='lat' dir='ltr'><strong>undique,</strong></span> <span class='ocrx_word' id='word_1_73' title='bbox 502 731 546 766; x_wconf 92' lang='lat' dir='ltr'><strong>et</strong></span> <span class='ocrx_word' id='word_1_74' title='bbox 578 724 678 765; x_wconf 91' lang='lat' dir='ltr'><strong>ideo</strong></span> <span class='ocrx_word' id='word_1_75' title='bbox 711 731 826 766; x_wconf 88' lang='lat' dir='ltr'><strong>esset</strong></span> <span class='ocrx_word' id='word_1_76' title='bbox 855 737 1055 773; x_wconf 89' lang='lat' dir='ltr'><strong>vacuum,</strong></span> <span class='ocrx_word' id='word_1_77' title='bbox 1077 726 1111 764; x_wconf 90' lang='lat' dir='ltr'><strong>si</strong></span> <span class='ocrx_word' id='word_1_78' title='bbox 1141 731 1254 765; x_wconf 89' lang='lat' dir='ltr'><strong>esset</strong></span> <span class='ocrx_word' id='word_1_79' title='bbox 1282 723 1287 780; x_wconf 77' lang='grc' dir='ltr'>Ι</span> <span class='ocrx_word' id='word_1_80' title='bbox 1316 725 1452 766; x_wconf 85' lang='lat' dir='ltr'><strong>ovalis</strong></span> <span class='ocrx_word' id='word_1_81' title='bbox 1480 725 1618 778; x_wconf 87' lang='lat' dir='ltr'><strong>figure</strong></span> <span class='ocrx_word' id='word_1_82' title='bbox 1636 735 1677 767; x_wconf 91' lang='lat' dir='ltr'><strong>O.</strong></span> <span class='ocrx_word' id='word_1_83' title='bbox 1700 736 1786 777; x_wconf 70' lang='lat'>1912.</span> 
     </span>
    </p>
   </div>
   <div class='ocr_carea' id='block_1_4' title="bbox 16 794 1618 2230">
    <p class='ocr_par' dir='ltr' id='par_1_4' title="bbox 75 794 569 836">
     <span class='ocr_line' id='line_1_10' title="bbox 75 794 569 836; baseline -0.002 -1"><span class='ocrx_word' id='word_1_84' title='bbox 75 794 144 835; x_wconf 93' lang='lat' dir='ltr'><strong>vel</strong></span> <span class='ocrx_word' id='word_1_85' title='bbox 166 794 344 835; x_wconf 86' lang='lat' dir='ltr'><strong>alterius</strong></span> <span class='ocrx_word' id='word_1_86' title='bbox 367 807 569 836; x_wconf 89' lang='lat' dir='ltr'><strong>concave.</strong></span> 
     </span>
    </p>

    <p class='ocr_par' dir='ltr' id='par_1_5' title="bbox 18 861 1618 1192">
     <span class='ocr_line' id='line_1_11' title="bbox 18 861 1616 917; baseline 0 -15"><span class='ocrx_word' id='word_1_87' title='bbox 18 880 58 903; x_wconf 89' lang='lat'><strong>10</strong></span> <span class='ocrx_word' id='word_1_88' title='bbox 137 862 250 904; x_wconf 87' lang='lat' dir='ltr'><strong>Item</strong></span> <span class='ocrx_word' id='word_1_89' title='bbox 279 862 542 904; x_wconf 86' lang='lat' dir='ltr'><strong>Aristoteles</strong></span> <span class='ocrx_word' id='word_1_90' title='bbox 569 862 676 904; x_wconf 91' lang='lat' dir='ltr'><strong>dicit</strong></span> <span class='ocrx_word' id='word_1_91' title='bbox 696 867 743 912; x_wconf 89' lang='lat'><strong>4⁰</strong></span> <span class='ocrx_word' id='word_1_92' title='bbox 770 861 861 905; x_wconf 77' lang='lat' dir='ltr'><em>Celz·</em></span> <span class='ocrx_word' id='word_1_93' title='bbox 887 870 930 903; x_wconf 88' lang='lat' dir='ltr'><strong>et</strong></span> <span class='ocrx_word' id='word_1_94' title='bbox 949 862 1118 904; x_wconf 79' lang='lat' dir='ltr'><strong>Mundi</strong></span> <span class='ocrx_word' id='word_1_95' title='bbox 1141 864 1259 915; x_wconf 89' lang='lat' dir='ltr'><strong>quod</strong></span> <span class='ocrx_word' id='word_1_96' title='bbox 1286 877 1360 904; x_wconf 88' lang='lat' dir='ltr'><strong>aer</strong></span> <span class='ocrx_word' id='word_1_97' title='bbox 1385 869 1451 903; x_wconf 91' lang='lat' dir='ltr'><strong>est</strong></span> <span class='ocrx_word' id='word_1_98' title='bbox 1473 863 1616 917; x_wconf 83' lang='lat' dir='ltr'><strong>gravis</strong></span> 
     </span>
     <span class='ocr_line' id='line_1_12' title="bbox 77 931 1616 986; baseline 0 -14"><span class='ocrx_word' id='word_1_99' title='bbox 77 932 272 986; x_wconf 64' lang='lat' dir='ltr'><strong>in‘spera</strong></span> <span class='ocrx_word' id='word_1_100' title='bbox 297 945 375 973; x_wconf 91' lang='lat' dir='ltr'><strong>sua</strong></span> <span class='ocrx_word' id='word_1_101' title='bbox 407 937 451 972; x_wconf 93' lang='lat' dir='ltr'><strong>et</strong></span> <span class='ocrx_word' id='word_1_102' title='bbox 483 931 710 972; x_wconf 89' lang='lat' dir='ltr'><strong>descendit</strong></span> <span class='ocrx_word' id='word_1_103' title='bbox 740 932 782 972; x_wconf 92' lang='lat' dir='ltr'><strong>in</strong></span> <span class='ocrx_word' id='word_1_104' title='bbox 812 946 864 972; x_wconf 85' lang='lat' dir='ltr'><strong>ea</strong></span> <span class='ocrx_word' id='word_1_105' title='bbox 896 937 939 972; x_wconf 93' lang='lat' dir='ltr'><strong>et</strong></span> <span class='ocrx_word' id='word_1_106' title='bbox 967 932 1166 985; x_wconf 90' lang='lat' dir='ltr'><strong>sequitur</strong></span> <span class='ocrx_word' id='word_1_107' title='bbox 1191 931 1467 986; x_wconf 89' lang='lat' dir='ltr'><strong>superficiem</strong></span> <span class='ocrx_word' id='word_1_108' title='bbox 1490 945 1616 985; x_wconf 88' lang='lat' dir='ltr'><strong>aque,</strong></span> 
     </span>
     <span class='ocr_line' id='line_1_13' title="bbox 76 1000 1618 1055; baseline -0.001 -14"><span class='ocrx_word' id='word_1_109' title='bbox 76 1014 211 1054; x_wconf 85' lang='lat' dir='ltr'><strong>quare</strong></span> <span class='ocrx_word' id='word_1_110' title='bbox 241 1000 375 1042; x_wconf 89' lang='lat' dir='ltr'><strong>currit</strong></span> <span class='ocrx_word' id='word_1_111' title='bbox 399 1000 455 1041; x_wconf 89' lang='lat' dir='ltr'><strong>ad</strong></span> <span class='ocrx_word' id='word_1_112' title='bbox 486 1001 737 1042; x_wconf 89' lang='lat' dir='ltr'><strong>inferiorem</strong></span> <span class='ocrx_word' id='word_1_113' title='bbox 764 1001 909 1042; x_wconf 90' lang='lat' dir='ltr'><strong>locum</strong></span> <span class='ocrx_word' id='word_1_114' title='bbox 935 1001 1047 1042; x_wconf 92' lang='lat' dir='ltr'><strong>sicut</strong></span> <span class='ocrx_word' id='word_1_115' title='bbox 1072 1015 1198 1055; x_wconf 87' lang='lat' dir='ltr'><strong>aqua,</strong></span> <span class='ocrx_word' id='word_1_116' title='bbox 1224 1014 1329 1055; x_wconf 86' lang='lat' dir='ltr'><strong>ergo</strong></span> <span class='ocrx_word' id='word_1_117' title='bbox 1359 1001 1618 1053; x_wconf 86' lang='lat' dir='ltr'><strong>relinquitur</strong></span> 
     </span>
     <span class='ocr_line' id='line_1_14' title="bbox 76 1069 1616 1123; baseline -0.001 -13"><span class='ocrx_word' id='word_1_118' title='bbox 76 1070 196 1122; x_wconf 91' lang='lat' dir='ltr'><strong>quod</strong></span> <span class='ocrx_word' id='word_1_119' title='bbox 229 1083 382 1110; x_wconf 90' lang='lat' dir='ltr'><strong>omnes</strong></span> <span class='ocrx_word' id='word_1_120' title='bbox 414 1069 526 1110; x_wconf 90' lang='lat' dir='ltr'><strong>linee</strong></span> <span class='ocrx_word' id='word_1_121' title='bbox 557 1070 688 1111; x_wconf 89' lang='lat' dir='ltr'><strong>ducte</strong></span> <span class='ocrx_word' id='word_1_122' title='bbox 713 1083 739 1110; x_wconf 89' lang='lat' dir='ltr'><strong>a</strong></span> <span class='ocrx_word' id='word_1_123' title='bbox 764 1075 915 1111; x_wconf 89' lang='lat' dir='ltr'><strong>centro</strong></span> <span class='ocrx_word' id='word_1_124' title='bbox 947 1070 1098 1110; x_wconf 89' lang='lat' dir='ltr'><strong>mundi</strong></span> <span class='ocrx_word' id='word_1_125' title='bbox 1120 1070 1176 1110; x_wconf 88' lang='lat' dir='ltr'><strong>ad</strong></span> <span class='ocrx_word' id='word_1_126' title='bbox 1206 1069 1477 1123; x_wconf 88' lang='lat' dir='ltr'><strong>superficiem</strong></span> <span class='ocrx_word' id='word_1_127' title='bbox 1506 1070 1616 1110; x_wconf 89' lang='lat' dir='ltr'><strong>aeris</strong></span> 
     </span>
     <span class='ocr_line' id='line_1_15' title="bbox 75 1134 1618 1192; baseline 0 -13"><span class='ocrx_word' id='word_1_128' title='bbox 75 1145 176 1179; x_wconf 87' lang='lat' dir='ltr'><strong>sunt</strong></span> <span class='ocrx_word' id='word_1_129' title='bbox 207 1138 384 1192; x_wconf 82' lang='lat' dir='ltr'><strong>equales</strong></span> <span class='ocrx_word' id='word_1_130' title='bbox 415 1139 527 1179; x_wconf 91' lang='lat' dir='ltr'><strong>sicut</strong></span> <span class='ocrx_word' id='word_1_131' title='bbox 559 1139 614 1178; x_wconf 91' lang='lat' dir='ltr'><strong>ad</strong></span> <span class='ocrx_word' id='word_1_132' title='bbox 648 1138 923 1192; x_wconf 87' lang='lat' dir='ltr'><strong>superficiem</strong></span> <span class='ocrx_word' id='word_1_133' title='bbox 956 1151 1082 1191; x_wconf 86' lang='lat' dir='ltr'><strong>aque,</strong></span> <span class='ocrx_word' id='word_1_134' title='bbox 1110 1144 1176 1179; x_wconf 89' lang='lat' dir='ltr'><strong>set</strong></span> <span class='ocrx_word' id='word_1_135' title='bbox 1207 1134 1278 1178; x_wconf 91' lang='lat' dir='ltr'><strong>ille</strong></span> <span class='ocrx_word' id='word_1_136' title='bbox 1310 1151 1397 1179; x_wconf 88' lang='lat' dir='ltr'><strong>non</strong></span> <span class='ocrx_word' id='word_1_137' title='bbox 1431 1144 1618 1192; x_wconf 84' lang='lat' dir='ltr'><strong>possunt</strong></span> 
     </span>
    </p>

    <p class='ocr_par' dir='ltr' id='par_1_6' title="bbox 17 1207 1617 1398">
     <span class='ocr_line' id='line_1_16' title="bbox 17 1207 1617 1262; baseline -0.003 -12"><span class='ocrx_word' id='word_1_138' title='bbox 17 1226 55 1258; x_wconf 85' lang='lat'><strong>15</strong></span> <span class='ocrx_word' id='word_1_139' title='bbox 76 1207 299 1248; x_wconf 89' lang='lat' dir='ltr'><strong>terminari</strong></span> <span class='ocrx_word' id='word_1_140' title='bbox 322 1209 378 1248; x_wconf 88' lang='lat' dir='ltr'><strong>ad</strong></span> <span class='ocrx_word' id='word_1_141' title='bbox 396 1207 672 1262; x_wconf 88' lang='lat' dir='ltr'><strong>superficiem</strong></span> <span class='ocrx_word' id='word_1_142' title='bbox 695 1207 775 1247; x_wconf 91' lang='lat' dir='ltr'><strong>nisi</strong></span> <span class='ocrx_word' id='word_1_143' title='bbox 798 1208 853 1248; x_wconf 85' lang='lat' dir='ltr'><strong>ad</strong></span> <span class='ocrx_word' id='word_1_144' title='bbox 873 1220 1111 1248; x_wconf 83' lang='lat' dir='ltr'><strong>concavam</strong></span> <span class='ocrx_word' id='word_1_145' title='bbox 1127 1213 1170 1247; x_wconf 90' lang='lat' dir='ltr'><strong>et</strong></span> <span class='ocrx_word' id='word_1_146' title='bbox 1187 1207 1412 1260; x_wconf 88' lang='lat' dir='ltr'><strong>spericam,</strong></span> <span class='ocrx_word' id='word_1_147' title='bbox 1435 1213 1483 1247; x_wconf 93' lang='lat' dir='ltr'><strong>ut</strong></span> <span class='ocrx_word' id='word_1_148' title='bbox 1497 1207 1617 1260; x_wconf 90' lang='lat' dir='ltr'><strong>prius</strong></span> 
     </span>
     <span class='ocr_line' id='line_1_17' title="bbox 78 1275 1616 1330; baseline -0.001 -12"><span class='ocrx_word' id='word_1_149' title='bbox 78 1278 430 1318; x_wconf 88' lang='lat' dir='ltr'><strong>demonstratum</strong></span> <span class='ocrx_word' id='word_1_150' title='bbox 463 1283 542 1317; x_wconf 85' lang='lat' dir='ltr'><strong>est.</strong></span> <span class='ocrx_word' id='word_1_151' title='bbox 625 1277 746 1330; x_wconf 86' lang='lat' dir='ltr'><strong>Ergo</strong></span> <span class='ocrx_word' id='word_1_152' title='bbox 778 1282 954 1329; x_wconf 88' lang='lat' dir='ltr'><strong>oportet</strong></span> <span class='ocrx_word' id='word_1_153' title='bbox 986 1277 1107 1329; x_wconf 92' lang='lat' dir='ltr'><strong>quod</strong></span> <span class='ocrx_word' id='word_1_154' title='bbox 1139 1275 1392 1330; x_wconf 87' lang='lat' dir='ltr'><strong>superficies</strong></span> <span class='ocrx_word' id='word_1_155' title='bbox 1423 1277 1533 1317; x_wconf 86' lang='lat' dir='ltr'><strong>aeris</strong></span> <span class='ocrx_word' id='word_1_156' title='bbox 1562 1276 1616 1316; x_wconf 89' lang='lat' dir='ltr'><strong>sit</strong></span> 
     </span>
     <span class='ocr_line' id='line_1_18' title="bbox 75 1346 535 1398; baseline -0.002 -12"><span class='ocrx_word' id='word_1_157' title='bbox 75 1358 271 1386; x_wconf 88' lang='lat' dir='ltr'><strong>concava</strong></span> <span class='ocrx_word' id='word_1_158' title='bbox 292 1352 335 1386; x_wconf 92' lang='lat' dir='ltr'><strong>et</strong></span> <span class='ocrx_word' id='word_1_159' title='bbox 357 1346 535 1398; x_wconf 85' lang='lat' dir='ltr'><strong>sperica.</strong></span> 
     </span>
    </p>

    <p class='ocr_par' dir='ltr' id='par_1_7' title="bbox 76 1412 1618 1537">
     <span class='ocr_line' id='line_1_19' title="bbox 135 1412 1618 1467; baseline -0.001 -13"><span class='ocrx_word' id='word_1_160' title='bbox 135 1414 309 1455; x_wconf 90' lang='lat' dir='ltr'><strong>Deinde</strong></span> <span class='ocrx_word' id='word_1_161' title='bbox 336 1420 511 1467; x_wconf 88' lang='lat' dir='ltr'><strong>oportet</strong></span> <span class='ocrx_word' id='word_1_162' title='bbox 542 1413 661 1467; x_wconf 90' lang='lat' dir='ltr'><strong>quod</strong></span> <span class='ocrx_word' id='word_1_163' title='bbox 697 1413 790 1466; x_wconf 91' lang='lat' dir='ltr'><strong>ejus</strong></span> <span class='ocrx_word' id='word_1_164' title='bbox 818 1412 1069 1467; x_wconf 86' lang='lat' dir='ltr'><strong>superficies</strong></span> <span class='ocrx_word' id='word_1_165' title='bbox 1106 1414 1298 1454; x_wconf 83' lang='lat' dir='ltr'><strong>exterior</strong></span> <span class='ocrx_word' id='word_1_166' title='bbox 1331 1414 1388 1454; x_wconf 84' lang='lat' dir='ltr'><strong>sit</strong></span> <span class='ocrx_word' id='word_1_167' title='bbox 1420 1427 1618 1454; x_wconf 85' lang='lat' dir='ltr'><strong>convexa</strong></span> 
     </span>
     <span class='ocr_line' id='line_1_20' title="bbox 76 1477 1618 1537; baseline -0.001 -14"><span class='ocrx_word' id='word_1_168' title='bbox 76 1484 244 1537; x_wconf 82' lang='lat' dir='ltr'><strong>sperica</strong></span> <span class='ocrx_word' id='word_1_169' title='bbox 274 1483 387 1523; x_wconf 90' lang='lat' dir='ltr'><strong>sicut</strong></span> <span class='ocrx_word' id='word_1_170' title='bbox 418 1489 645 1523; x_wconf 88' lang='lat' dir='ltr'><strong>ostensum</strong></span> <span class='ocrx_word' id='word_1_171' title='bbox 679 1489 744 1524; x_wconf 91' lang='lat' dir='ltr'><strong>est</strong></span> <span class='ocrx_word' id='word_1_172' title='bbox 775 1483 832 1523; x_wconf 89' lang='lat' dir='ltr'><strong>de</strong></span> <span class='ocrx_word' id='word_1_173' title='bbox 867 1495 995 1535; x_wconf 90' lang='lat' dir='ltr'><strong>aqua.</strong></span> <span class='ocrx_word' id='word_1_174' title='bbox 1060 1477 1120 1522; x_wconf 86' lang='lat' dir='ltr'><strong>Et</strong></span> <span class='ocrx_word' id='word_1_175' title='bbox 1154 1482 1190 1522; x_wconf 91' lang='lat' dir='ltr'><strong>si</strong></span> <span class='ocrx_word' id='word_1_176' title='bbox 1224 1478 1298 1522; x_wconf 89' lang='lat' dir='ltr'><strong>illa</strong></span> <span class='ocrx_word' id='word_1_177' title='bbox 1329 1482 1385 1524; x_wconf 86' lang='lat' dir='ltr'><strong>sit</strong></span> <span class='ocrx_word' id='word_1_178' title='bbox 1418 1496 1618 1524; x_wconf 85' lang='lat' dir='ltr'><strong>convexa</strong></span> 
     </span>
    </p>

    <p class='ocr_par' dir='ltr' id='par_1_8' title="bbox 16 1551 1618 1881">
     <span class='ocr_line' id='line_1_21' title="bbox 16 1551 1616 1606; baseline -0.002 -11"><span class='ocrx_word' id='word_1_179' title='bbox 16 1573 57 1595; x_wconf 87' lang='lat'><strong>20</strong></span> <span class='ocrx_word' id='word_1_180' title='bbox 76 1552 256 1606; x_wconf 86' lang='lat' dir='ltr'><strong>sperica,</strong></span> <span class='ocrx_word' id='word_1_181' title='bbox 280 1553 362 1593; x_wconf 87' lang='lat' dir='ltr'><strong>erit</strong></span> <span class='ocrx_word' id='word_1_182' title='bbox 385 1551 634 1606; x_wconf 88' lang='lat' dir='ltr'><strong>superficies</strong></span> <span class='ocrx_word' id='word_1_183' title='bbox 656 1552 768 1606; x_wconf 82' lang='lat' dir='ltr'><strong>ignis</strong></span> <span class='ocrx_word' id='word_1_184' title='bbox 791 1551 968 1592; x_wconf 85' lang='lat' dir='ltr'><strong>inferior</strong></span> <span class='ocrx_word' id='word_1_185' title='bbox 990 1560 1182 1592; x_wconf 82' lang='lat' dir='ltr'><strong>concava</strong></span> <span class='ocrx_word' id='word_1_186' title='bbox 1203 1552 1384 1606; x_wconf 88' lang='lat' dir='ltr'><strong>sperica,</strong></span> <span class='ocrx_word' id='word_1_187' title='bbox 1408 1552 1616 1605; x_wconf 91' lang='lat' dir='ltr'><strong>quoniam</strong></span> 
     </span>
     <span class='ocr_line' id='line_1_22' title="bbox 73 1621 1618 1676; baseline -0.001 -14"><span class='ocrx_word' id='word_1_188' title='bbox 73 1635 164 1671; x_wconf 77' lang='lat' dir='ltr'><strong>¹non</strong></span> <span class='ocrx_word' id='word_1_189' title='bbox 193 1622 325 1675; x_wconf 89' lang='lat' dir='ltr'><strong>plana</strong></span> <span class='ocrx_word' id='word_1_190' title='bbox 350 1635 427 1675; x_wconf 87' lang='lat' dir='ltr'><strong>per</strong></span> <span class='ocrx_word' id='word_1_191' title='bbox 451 1623 632 1663; x_wconf 86' lang='lat' dir='ltr'><strong>terciam</strong></span> <span class='ocrx_word' id='word_1_192' title='bbox 659 1621 786 1676; x_wconf 90' lang='lat' dir='ltr'><strong>primi</strong></span> <span class='ocrx_word' id='word_1_193' title='bbox 810 1621 1065 1669; x_wconf 91' lang='lat' dir='ltr'><strong>Theodosii,</strong></span> <span class='ocrx_word' id='word_1_194' title='bbox 1086 1632 1166 1662; x_wconf 85' lang='lat' dir='ltr'><strong>nec</strong></span> <span class='ocrx_word' id='word_1_195' title='bbox 1192 1635 1392 1662; x_wconf 85' lang='lat' dir='ltr'><strong>convexa</strong></span> <span class='ocrx_word' id='word_1_196' title='bbox 1415 1632 1493 1675; x_wconf 90' lang='lat' dir='ltr'><strong>per</strong></span> <span class='ocrx_word' id='word_1_197' title='bbox 1518 1626 1618 1660; x_wconf 63' lang='lat' dir='ltr'><strong>12³¹n</strong></span> 
     </span>
     <span class='ocr_line' id='line_1_23' title="bbox 75 1690 1617 1743; baseline -0.001 -11"><span class='ocrx_word' id='word_1_198' title='bbox 75 1692 196 1732; x_wconf 90' lang='lat' dir='ltr'><strong>tercii</strong></span> <span class='ocrx_word' id='word_1_199' title='bbox 225 1691 435 1742; x_wconf 90' lang='lat' dir='ltr'><strong>Euclidis‚</strong></span> <span class='ocrx_word' id='word_1_200' title='bbox 457 1705 537 1732; x_wconf 92' lang='lat' dir='ltr'><strong>nec</strong></span> <span class='ocrx_word' id='word_1_201' title='bbox 566 1704 759 1732; x_wconf 90' lang='lat' dir='ltr'><strong>concava</strong></span> <span class='ocrx_word' id='word_1_202' title='bbox 788 1690 926 1731; x_wconf 84' lang='lat' dir='ltr'><strong>ovalis</strong></span> <span class='ocrx_word' id='word_1_203' title='bbox 957 1703 1036 1732; x_wconf 90' lang='lat' dir='ltr'><strong>nec</strong></span> <span class='ocrx_word' id='word_1_204' title='bbox 1069 1690 1368 1743; x_wconf 87' lang='lat' dir='ltr'><strong>pyramidalis,</strong></span> <span class='ocrx_word' id='word_1_205' title='bbox 1399 1691 1500 1742; x_wconf 85' lang='lat' dir='ltr'><strong>quia</strong></span> <span class='ocrx_word' id='word_1_206' title='bbox 1531 1704 1617 1730; x_wconf 90' lang='lat' dir='ltr'><strong>non</strong></span> 
     </span>
     <span class='ocr_line' id='line_1_24' title="bbox 75 1758 1617 1814; baseline -0.001 -13"><span class='ocrx_word' id='word_1_207' title='bbox 75 1767 189 1802; x_wconf 88' lang='lat' dir='ltr'><strong>esset</strong></span> <span class='ocrx_word' id='word_1_208' title='bbox 219 1761 461 1814; x_wconf 86' lang='lat' dir='ltr'><strong>adequacio</strong></span> <span class='ocrx_word' id='word_1_209' title='bbox 491 1761 696 1813; x_wconf 90' lang='lat' dir='ltr'><strong>undique,</strong></span> <span class='ocrx_word' id='word_1_210' title='bbox 725 1767 769 1801; x_wconf 91' lang='lat' dir='ltr'><strong>et</strong></span> <span class='ocrx_word' id='word_1_211' title='bbox 799 1760 898 1801; x_wconf 88' lang='lat' dir='ltr'><strong>ideo</strong></span> <span class='ocrx_word' id='word_1_212' title='bbox 930 1765 1044 1800; x_wconf 90' lang='lat' dir='ltr'><strong>esset</strong></span> <span class='ocrx_word' id='word_1_213' title='bbox 1070 1773 1267 1800; x_wconf 88' lang='lat' dir='ltr'><strong>vacuum.</strong></span> <span class='ocrx_word' id='word_1_214' title='bbox 1334 1758 1410 1800; x_wconf 86' lang='lat' dir='ltr'><strong>Set</strong></span> <span class='ocrx_word' id='word_1_215' title='bbox 1439 1759 1499 1800; x_wconf 90' lang='lat' dir='ltr'><strong>ibi</strong></span> <span class='ocrx_word' id='word_1_216' title='bbox 1530 1773 1617 1799; x_wconf 90' lang='lat' dir='ltr'><strong>non</strong></span> 
     </span>
     <span class='ocr_line' id='line_1_25' title="bbox 74 1826 1616 1881; baseline -0.001 -12"><span class='ocrx_word' id='word_1_217' title='bbox 74 1829 207 1871; x_wconf 87' lang='lat' dir='ltr'><strong>habet</strong></span> <span class='ocrx_word' id='word_1_218' title='bbox 258 1829 402 1871; x_wconf 89' lang='lat' dir='ltr'><strong>locum</strong></span> <span class='ocrx_word' id='word_1_219' title='bbox 455 1830 780 1870; x_wconf 87' lang='lat' dir='ltr'><strong>demonstracio</strong></span> <span class='ocrx_word' id='word_1_220' title='bbox 828 1842 905 1881; x_wconf 90' lang='lat' dir='ltr'><strong>per</strong></span> <span class='ocrx_word' id='word_1_221' title='bbox 954 1827 1056 1868; x_wconf 77' lang='lat' dir='ltr'><strong>18am</strong></span> <span class='ocrx_word' id='word_1_222' title='bbox 1107 1828 1235 1881; x_wconf 86' lang='lat' dir='ltr'><strong>primi</strong></span> <span class='ocrx_word' id='word_1_223' title='bbox 1288 1834 1331 1868; x_wconf 91' lang='lat' dir='ltr'><strong>et</strong></span> <span class='ocrx_word' id='word_1_224' title='bbox 1382 1826 1456 1866; x_wconf 72' lang='lat' dir='ltr'><strong>8³²¹Jn</strong></span> <span class='ocrx_word' id='word_1_225' title='bbox 1497 1829 1616 1869; x_wconf 90' lang='lat' dir='ltr'><strong>tercii</strong></span> 
     </span>
    </p>

    <p class='ocr_par' dir='ltr' id='par_1_9' title="bbox 16 1897 1615 2020">
     <span class='ocr_line' id='line_1_26' title="bbox 16 1897 1615 1951; baseline -0.001 -12"><span class='ocrx_word' id='word_1_226' title='bbox 16 1918 54 1949; x_wconf 85' lang='lat'><strong>²5</strong></span> <span class='ocrx_word' id='word_1_227' title='bbox 75 1899 418 1948; x_wconf 79' lang='lat' dir='ltr'><strong>Elementorum,</strong></span> <span class='ocrx_word' id='word_1_228' title='bbox 441 1899 543 1951; x_wconf 85' lang='lat' dir='ltr'><strong>quia</strong></span> <span class='ocrx_word' id='word_1_229' title='bbox 572 1898 682 1950; x_wconf 84' lang='lat' dir='ltr'><strong>ignis</strong></span> <span class='ocrx_word' id='word_1_230' title='bbox 712 1910 799 1938; x_wconf 90' lang='lat' dir='ltr'><strong>non</strong></span> <span class='ocrx_word' id='word_1_231' title='bbox 828 1898 959 1939; x_wconf 88' lang='lat' dir='ltr'><strong>currit</strong></span> <span class='ocrx_word' id='word_1_232' title='bbox 985 1898 1040 1938; x_wconf 86' lang='lat' dir='ltr'><strong>ad</strong></span> <span class='ocrx_word' id='word_1_233' title='bbox 1067 1898 1312 1938; x_wconf 83' lang='lat' dir='ltr'><strong>inferiorem</strong></span> <span class='ocrx_word' id='word_1_234' title='bbox 1336 1897 1481 1938; x_wconf 84' lang='lat' dir='ltr'><strong>locum</strong></span> <span class='ocrx_word' id='word_1_235' title='bbox 1505 1899 1615 1938; x_wconf 88' lang='lat' dir='ltr'><strong>sicut</strong></span> 
     </span>
     <span class='ocr_line' id='line_1_27' title="bbox 73 1974 359 2020; baseline -0.003 -12"><span class='ocrx_word' id='word_1_236' title='bbox 73 1981 147 2009; x_wconf 84' lang='lat' dir='ltr'><strong>aer</strong></span> <span class='ocrx_word' id='word_1_237' title='bbox 167 1974 211 2008; x_wconf 93' lang='lat' dir='ltr'><strong>et</strong></span> <span class='ocrx_word' id='word_1_238' title='bbox 233 1981 359 2020; x_wconf 87' lang='lat' dir='ltr'><strong>aqua.</strong></span> 
     </span>
    </p>

    <p class='ocr_par' dir='ltr' id='par_1_10' title="bbox 74 2036 1614 2230">
     <span class='ocr_line' id='line_1_28' title="bbox 134 2036 1614 2090; baseline 0 -13"><span class='ocrx_word' id='word_1_239' title='bbox 134 2037 195 2078; x_wconf 88' lang='lat' dir='ltr'><strong>Et</strong></span> <span class='ocrx_word' id='word_1_240' title='bbox 231 2037 350 2090; x_wconf 92' lang='lat' dir='ltr'><strong>quod</strong></span> <span class='ocrx_word' id='word_1_241' title='bbox 385 2036 636 2090; x_wconf 89' lang='lat' dir='ltr'><strong>superficies</strong></span> <span class='ocrx_word' id='word_1_242' title='bbox 670 2037 782 2090; x_wconf 88' lang='lat' dir='ltr'><strong>ignis</strong></span> <span class='ocrx_word' id='word_1_243' title='bbox 819 2036 1012 2077; x_wconf 81' lang='lat' dir='ltr'><strong>exterior</strong></span> <span class='ocrx_word' id='word_1_244' title='bbox 1047 2037 1103 2076; x_wconf 94' lang='lat' dir='ltr'><strong>sit</strong></span> <span class='ocrx_word' id='word_1_245' title='bbox 1139 2037 1323 2089; x_wconf 81' lang='lat' dir='ltr'><strong>sperica,</strong></span> <span class='ocrx_word' id='word_1_246' title='bbox 1359 2042 1481 2089; x_wconf 89' lang='lat' dir='ltr'><strong>patet</strong></span> <span class='ocrx_word' id='word_1_247' title='bbox 1522 2043 1614 2078; x_wconf 85' lang='lat' dir='ltr'><strong>tam</strong></span> 
     </span>
     <span class='ocr_line' id='line_1_29' title="bbox 75 2104 1613 2160; baseline -0.001 -13"><span class='ocrx_word' id='word_1_248' title='bbox 75 2120 101 2147; x_wconf 87' lang='lat' dir='ltr'><strong>a</strong></span> <span class='ocrx_word' id='word_1_249' title='bbox 132 2112 258 2159; x_wconf 85' lang='lat' dir='ltr'><strong>parte</strong></span> <span class='ocrx_word' id='word_1_250' title='bbox 289 2105 384 2158; x_wconf 92' lang='lat' dir='ltr'><strong>celi,</strong></span> <span class='ocrx_word' id='word_1_251' title='bbox 407 2113 455 2147; x_wconf 90' lang='lat' dir='ltr'><strong>ut</strong></span> <span class='ocrx_word' id='word_1_252' title='bbox 486 2107 606 2160; x_wconf 88' lang='lat' dir='ltr'><strong>prius</strong></span> <span class='ocrx_word' id='word_1_253' title='bbox 638 2112 863 2147; x_wconf 90' lang='lat' dir='ltr'><strong>ostensum</strong></span> <span class='ocrx_word' id='word_1_254' title='bbox 892 2112 971 2154; x_wconf 90' lang='lat' dir='ltr'><strong>est,</strong></span> <span class='ocrx_word' id='word_1_255' title='bbox 994 2119 1127 2160; x_wconf 90' lang='lat' dir='ltr'><strong>quam</strong></span> <span class='ocrx_word' id='word_1_256' title='bbox 1157 2119 1182 2146; x_wconf 84' lang='lat' dir='ltr'><strong>a</strong></span> <span class='ocrx_word' id='word_1_257' title='bbox 1208 2113 1331 2160; x_wconf 89' lang='lat' dir='ltr'><strong>parte</strong></span> <span class='ocrx_word' id='word_1_258' title='bbox 1361 2104 1613 2146; x_wconf 89' lang='lat' dir='ltr'><strong>inferiorum</strong></span> 
     </span>
     <span class='ocr_line' id='line_1_30' title="bbox 74 2174 962 2230; baseline -0.002 -13"><span class='ocrx_word' id='word_1_259' title='bbox 74 2189 321 2229; x_wconf 88' lang='lat' dir='ltr'><strong>corporum,</strong></span> <span class='ocrx_word' id='word_1_260' title='bbox 348 2175 463 2217; x_wconf 91' lang='lat' dir='ltr'><strong>sicut</strong></span> <span class='ocrx_word' id='word_1_261' title='bbox 485 2176 528 2216; x_wconf 92' lang='lat' dir='ltr'><strong>in</strong></span> <span class='ocrx_word' id='word_1_262' title='bbox 554 2175 637 2216; x_wconf 90' lang='lat' dir='ltr'><strong>illis</strong></span> <span class='ocrx_word' id='word_1_263' title='bbox 665 2174 670 2230; x_wconf 79' lang='grc' dir='ltr'>Ι</span> <span class='ocrx_word' id='word_1_264' title='bbox 698 2175 864 2217; x_wconf 91' lang='lat' dir='ltr'><strong>dictum</strong></span> <span class='ocrx_word' id='word_1_265' title='bbox 886 2181 962 2216; x_wconf 91' lang='lat' dir='ltr'><strong>est.</strong></span> 
     </span>
    </p>
   </div>
   <div class='ocr_carea' id='block_1_5' title="bbox 15 2294 1617 2571">
    <p class='ocr_par' dir='ltr' id='par_1_11' title="bbox 15 2294 1617 2418">
     <span class='ocr_line' id='line_1_31' title="bbox 15 2294 1617 2350; baseline -0.003 -11"><span class='ocrx_word' id='word_1_266' title='bbox 15 2316 56 2348; x_wconf 81' lang='lat'><strong>30</strong></span> <span class='ocrx_word' id='word_1_267' title='bbox 137 2296 159 2350; x_wconf 82' lang='lat'><em>&lt;</em></span> <span class='ocrx_word' id='word_1_268' title='bbox 171 2295 418 2350; x_wconf 78' lang='lat' dir='ltr'><strong>Capitulum</strong></span> <span class='ocrx_word' id='word_1_269' title='bbox 464 2302 673 2349; x_wconf 73' lang='lat' dir='ltr'><strong>quartum</strong></span> <span class='ocrx_word' id='word_1_270' title='bbox 725 2295 776 2336; x_wconf 83' lang='lat' dir='ltr'><strong>de</strong></span> <span class='ocrx_word' id='word_1_271' title='bbox 813 2294 981 2349; x_wconf 76' lang='lat' dir='ltr'><strong>figuris</strong></span> <span class='ocrx_word' id='word_1_272' title='bbox 1031 2294 1336 2334; x_wconf 72' lang='lat' dir='ltr'><strong>elementorum</strong></span> <span class='ocrx_word' id='word_1_273' title='bbox 1387 2294 1617 2335; x_wconf 81' lang='lat' dir='ltr'><strong>secuudum</strong></span> 
     </span>
     <span class='ocr_line' id='line_1_32' title="bbox 73 2364 225 2418; baseline 0.007 -13"><span class='ocrx_word' id='word_1_274' title='bbox 73 2364 225 2418; x_wconf 81' lang='lat' dir='ltr'><strong>alios).</strong></span> 
     </span>
    </p>

    <p class='ocr_par' dir='ltr' id='par_1_12' title="bbox 136 2444 1615 2497">
     <span class='ocr_line' id='line_1_33' title="bbox 136 2444 1615 2497; baseline -0.001 -12"><span class='ocrx_word' id='word_1_275' title='bbox 136 2444 301 2486; x_wconf 85' lang='lat' dir='ltr'><strong>Contra</strong></span> <span class='ocrx_word' id='word_1_276' title='bbox 330 2444 413 2485; x_wconf 92' lang='lat' dir='ltr'><strong>hoc</strong></span> <span class='ocrx_word' id='word_1_277' title='bbox 441 2444 476 2486; x_wconf 88' lang='lat' dir='ltr'><strong>si</strong></span> <span class='ocrx_word' id='word_1_278' title='bbox 507 2444 724 2486; x_wconf 89' lang='lat' dir='ltr'><strong>obiciatur</strong></span> <span class='ocrx_word' id='word_1_279' title='bbox 745 2444 865 2497; x_wconf 90' lang='lat' dir='ltr'><strong>quod</strong></span> <span class='ocrx_word' id='word_1_280' title='bbox 897 2444 978 2484; x_wconf 92' lang='lat' dir='ltr'><strong>hec</strong></span> <span class='ocrx_word' id='word_1_281' title='bbox 1006 2456 1190 2496; x_wconf 86' lang='lat' dir='ltr'><strong>corpora</strong></span> <span class='ocrx_word' id='word_1_282' title='bbox 1216 2450 1317 2484; x_wconf 91' lang='lat' dir='ltr'><strong>sunt</strong></span> <span class='ocrx_word' id='word_1_283' title='bbox 1348 2450 1468 2484; x_wconf 86' lang='lat' dir='ltr'><strong>mota</strong></span> <span class='ocrx_word' id='word_1_284' title='bbox 1492 2450 1615 2485; x_wconf 91' lang='lat' dir='ltr'><strong>motu</strong></span> 
     </span>
    </p>

    <p class='ocr_par' dir='ltr' id='par_1_13' title="bbox 76 2512 1616 2571">
     <span class='ocr_line' id='line_1_34' title="bbox 76 2512 1616 2571; baseline -0.001 -17"><span class='ocrx_word' id='word_1_285' title='bbox 76 2520 208 2571; x_wconf 86' lang='lat' dir='ltr'><strong>recto,</strong></span> <span class='ocrx_word' id='word_1_286' title='bbox 231 2521 280 2556; x_wconf 89' lang='lat' dir='ltr'><strong>ut</strong></span> <span class='ocrx_word' id='word_1_287' title='bbox 309 2514 538 2555; x_wconf 89' lang='lat' dir='ltr'><strong>dicebatur</strong></span> <span class='ocrx_word' id='word_1_288' title='bbox 567 2514 686 2568; x_wconf 90' lang='lat' dir='ltr'><strong>prius</strong></span> <span class='ocrx_word' id='word_1_289' title='bbox 713 2514 954 2555; x_wconf 88' lang='lat' dir='ltr'><strong>secundum</strong></span> <span class='ocrx_word' id='word_1_290' title='bbox 980 2512 1268 2553; x_wconf 85' lang='lat' dir='ltr'><strong>Aristotelem</strong></span> <span class='ocrx_word' id='word_1_291' title='bbox 1292 2517 1336 2552; x_wconf 93' lang='lat' dir='ltr'><strong>et</strong></span> <span class='ocrx_word' id='word_1_292' title='bbox 1361 2512 1616 2561; x_wconf 82' lang='lat' dir='ltr'><strong>Averroem,</strong></span> 
     </span>
    </p>
   </div>
   <div class='ocr_carea' id='block_1_6' title="bbox 74 2623 1452 2717">
    <p class='ocr_par' dir='ltr' id='par_1_14' title="bbox 74 2623 1452 2717">
     <span class='ocr_line' id='line_1_35' title="bbox 118 2623 1099 2666; baseline -0.001 -11"><span class='ocrx_word' id='word_1_293' title='bbox 118 2635 138 2655; x_wconf 87' lang='lat'><strong>2</strong></span> <span class='ocrx_word' id='word_1_294' title='bbox 162 2628 208 2657; x_wconf 83' lang='lat' dir='ltr'><strong>de</strong></span> <span class='ocrx_word' id='word_1_295' title='bbox 228 2624 371 2666; x_wconf 68' lang='lat' dir='ltr'><strong>speria]</strong></span> <span class='ocrx_word' id='word_1_296' title='bbox 389 2625 410 2656; x_wconf 88' lang='lat' dir='ltr'><strong>i.</strong></span> <span class='ocrx_word' id='word_1_297' title='bbox 429 2634 460 2664; x_wconf 89' lang='lat'><strong>3.</strong></span> <span class='ocrx_word' id='word_1_298' title='bbox 599 2635 639 2655; x_wconf 94' lang='lat'><strong>10</strong></span> <span class='ocrx_word' id='word_1_299' title='bbox 663 2627 745 2656; x_wconf 82' lang='lat' dir='ltr'><strong>Geli</strong></span> <span class='ocrx_word' id='word_1_300' title='bbox 761 2628 799 2655; x_wconf 82' lang='lat' dir='ltr'><strong>et</strong></span> <span class='ocrx_word' id='word_1_301' title='bbox 816 2623 968 2665; x_wconf 86' lang='lat' dir='ltr'><strong>Mundi]</strong></span> <span class='ocrx_word' id='word_1_302' title='bbox 986 2624 1029 2656; x_wconf 87' lang='lat' dir='ltr'><strong>iv.</strong></span> <span class='ocrx_word' id='word_1_303' title='bbox 1047 2633 1099 2663; x_wconf 84' lang='lat'><strong>39.</strong></span> 
     </span>
     <span class='ocr_line' id='line_1_36' title="bbox 74 2675 1452 2717; baseline -0.002 -9"><span class='ocrx_word' id='word_1_304' title='bbox 74 2686 117 2716; x_wconf 89' lang='grc' dir='ltr'><strong>3ο</strong></span> <span class='ocrx_word' id='word_1_305' title='bbox 139 2677 213 2708; x_wconf 92' lang='lat' dir='ltr'><strong>The</strong></span> <span class='ocrx_word' id='word_1_306' title='bbox 229 2676 381 2717; x_wconf 88' lang='lat' dir='ltr'><strong>position</strong></span> <span class='ocrx_word' id='word_1_307' title='bbox 398 2676 437 2706; x_wconf 84' lang='lat' dir='ltr'><strong>of</strong></span> <span class='ocrx_word' id='word_1_308' title='bbox 450 2676 507 2708; x_wconf 90' lang='lat' dir='ltr'><strong>the</strong></span> <span class='ocrx_word' id='word_1_309' title='bbox 524 2676 713 2716; x_wconf 86' lang='lat' dir='ltr'><strong>beginning</strong></span> <span class='ocrx_word' id='word_1_310' title='bbox 728 2676 766 2707; x_wconf 88' lang='lat' dir='ltr'><strong>of</strong></span> <span class='ocrx_word' id='word_1_311' title='bbox 775 2676 842 2707; x_wconf 88' lang='lat' dir='ltr'><strong>this</strong></span> <span class='ocrx_word' id='word_1_312' title='bbox 857 2676 1001 2716; x_wconf 83' lang='lat' dir='ltr'><strong>chapter</strong></span> <span class='ocrx_word' id='word_1_313' title='bbox 1024 2676 1052 2706; x_wconf 87' lang='lat' dir='ltr'><strong>is</strong></span> <span class='ocrx_word' id='word_1_314' title='bbox 1070 2675 1216 2715; x_wconf 85' lang='lat' dir='ltr'><strong>entirely</strong></span> <span class='ocrx_word' id='word_1_315' title='bbox 1233 2675 1452 2714; x_wconf 84' lang='lat' dir='ltr'><strong>conjectural.</strong></span> 
     </span>
    </p>
   </div>
   <div class='ocr_carea' id='block_1_7' title="bbox 76 2763 1570 2857">
    <p class='ocr_par' dir='ltr' id='par_1_15' title="bbox 76 2763 1570 2857">
     <span class='ocr_line' id='line_1_37' title="bbox 120 2763 1534 2805; baseline 0 -9"><span class='ocrx_word' id='word_1_316' title='bbox 120 2766 183 2804; x_wconf 82' lang='grc'><strong>7-8</strong></span> <span class='ocrx_word' id='word_1_317' title='bbox 207 2765 386 2805; x_wconf 85' lang='lat' dir='ltr'><strong>equabitur</strong></span> <span class='ocrx_word' id='word_1_318' title='bbox 420 2765 627 2796; x_wconf 87' lang='lat' dir='ltr'><strong>convexitati</strong></span> <span class='ocrx_word' id='word_1_319' title='bbox 669 2788 675 2795; x_wconf 93' lang='lat'><strong><em>.</em></strong></span> <span class='ocrx_word' id='word_1_320' title='bbox 709 2788 715 2795; x_wconf 95' lang='lat'>.</span> <span class='ocrx_word' id='word_1_321' title='bbox 753 2788 759 2795; x_wconf 90' lang='lat'><strong>.</strong></span> <span class='ocrx_word' id='word_1_322' title='bbox 792 2763 960 2805; x_wconf 89' lang='lat' dir='ltr'><strong>undique]</strong></span> <span class='ocrx_word' id='word_1_323' title='bbox 991 2763 1257 2795; x_wconf 86' lang='lat' dir='ltr'><strong>conformabitur</strong></span> <span class='ocrx_word' id='word_1_324' title='bbox 1290 2763 1493 2794; x_wconf 87' lang='lat' dir='ltr'><strong>convexioni</strong></span> <span class='ocrx_word' id='word_1_325' title='bbox 1527 2789 1534 2796; x_wconf 92' lang='lat'><strong><em>.</em></strong></span> 
     </span>
     <span class='ocr_line' id='line_1_38' title="bbox 76 2814 1570 2857; baseline -0.001 -10"><span class='ocrx_word' id='word_1_326' title='bbox 76 2816 198 2856; x_wconf 80' lang='lat' dir='ltr'><strong>ubique</strong></span> <span class='ocrx_word' id='word_1_327' title='bbox 217 2815 248 2847; x_wconf 93' lang='grc' dir='ltr'><em>Ο</em></span> <span class='ocrx_word' id='word_1_328' title='bbox 341 2826 379 2854; x_wconf 89' lang='lat'><strong>14</strong></span> <span class='ocrx_word' id='word_1_329' title='bbox 404 2815 500 2857; x_wconf 88' lang='lat' dir='ltr'><strong>sunt]</strong></span> <span class='ocrx_word' id='word_1_330' title='bbox 518 2821 616 2846; x_wconf 88' lang='lat' dir='ltr'><strong>erunt</strong></span> <span class='ocrx_word' id='word_1_331' title='bbox 633 2815 663 2846; x_wconf 87' lang='grc' dir='ltr'><em>Ο</em></span> <span class='ocrx_word' id='word_1_332' title='bbox 753 2825 795 2854; x_wconf 83' lang='lat'><strong>23</strong></span> <span class='ocrx_word' id='word_1_333' title='bbox 821 2814 883 2856; x_wconf 88' lang='lat' dir='ltr'><strong>ibi]</strong></span> <span class='ocrx_word' id='word_1_334' title='bbox 901 2815 955 2845; x_wconf 89' lang='lat' dir='ltr'><strong>hic</strong></span> <span class='ocrx_word' id='word_1_335' title='bbox 972 2814 1003 2845; x_wconf 87' lang='lat' dir='ltr'><em>O</em></span> <span class='ocrx_word' id='word_1_336' title='bbox 1091 2825 1132 2854; x_wconf 85' lang='lat'><strong>32</strong></span> <span class='ocrx_word' id='word_1_337' title='bbox 1156 2814 1339 2856; x_wconf 87' lang='lat' dir='ltr'><strong>obiciatur]</strong></span> <span class='ocrx_word' id='word_1_338' title='bbox 1359 2814 1513 2846; x_wconf 85' lang='lat' dir='ltr'><strong>eliciatur</strong></span> <span class='ocrx_word' id='word_1_339' title='bbox 1540 2815 1570 2846; x_wconf 92' lang='lat' dir='ltr'>O</span> 
     </span>
    </p>
   </div>
   <div class='ocr_carea' id='block_1_8' title="bbox 780 2871 900 2912">
    <p class='ocr_par' dir='ltr' id='par_1_16' title="bbox 780 2871 900 2912">
     <span class='ocr_line' id='line_1_39' title="bbox 780 2871 900 2912; baseline 0.008 -1"><span class='ocrx_word' id='word_1_340' title='bbox 780 2871 900 2912; x_wconf 84' lang='lat' dir='ltr'><strong>Bb2</strong></span> 
     </span>
    </p>
   </div>
   <div class='ocr_carea' id='block_1_9' title="bbox 1637 2189 1786 2229">
    <p class='ocr_par' dir='ltr' id='par_1_17' title="bbox 1637 2189 1786 2229">
     <span class='ocr_line' id='line_1_40' title="bbox 1637 2189 1786 2229; baseline 0.007 -10"><span class='ocrx_word' id='word_1_341' title='bbox 1637 2189 1735 2229; x_wconf 85' lang='lat' dir='ltr'><strong>103b</strong></span> <span class='ocrx_word' id='word_1_342' title='bbox 1758 2197 1786 2220; x_wconf 86' lang='lat'><strong>1.</strong></span> 
     </span>
    </p>
   </div>
  </div>
 </body>
</html>
