1945 3079
815 106 894 151 397

87 211 209 253 istius
232 223 328 252 urse
352 210 509 252 dicitur
532 209 639 263 tingi
663 223 867 260 occeano,
893 211 934 251 id
960 218 1037 260 est,
1066 211 1277 253 occidere.
1332 211 1409 254 Set
1432 211 1514 252 hoc
1539 225 1625 253 non

86 287 152 322 est
182 280 299 334 apud
330 292 424 331 nos,
461 285 526 319 set
552 279 668 332 apud
699 278 885 319 multum
916 280 1129 321 australes
1159 280 1214 321 de
1244 280 1401 334 quibus
1431 281 1627 334 loquitur

86 349 285 391 Ovidius.
335 347 440 388 Alia
476 347 592 388 Ursa
626 347 766 388 minor
788 346 954 389 habens
985 354 1154 402 septem
1187 349 1334 390 stellas
1367 350 1628 404 principales

86 425 152 459 est
184 419 227 458 in
258 417 396 459 altera
427 422 552 470 parte
586 416 663 456 celi
699 422 742 456 et
776 416 878 469 poli,
912 430 1014 458 nam
1048 418 1083 457 si
1115 431 1200 458 una
1233 424 1298 459 est
1330 420 1386 460 ad
1416 419 1626 460 orientem

48 486 223 534 5altera
254 493 319 527 est
360 486 416 527 ad
459 485 767 536 occidentem;
799 499 954 538 parum
993 492 1141 527 tamen
1178 486 1344 528 distant
1381 487 1485 541 quia
1526 493 1628 528 sunt

86 569 225 611 prope
247 554 413 608 polum.

145 623 294 678 Quare
322 637 424 664 vero
452 629 662 665 vocentur
691 638 802 676 urse,
830 625 924 678 jam
958 625 1131 678 poetica
1163 625 1312 666 fabula
1344 639 1425 666 nos
1457 625 1513 665 de
1545 624 1626 665 hoc

85 693 279 748 expedit.
342 692 460 734 Nam
482 699 664 746 propter
686 692 910 734 lasciviam
934 693 1053 746 Jovis
1077 694 1266 735 Kalixto
1289 693 1434 746 puella
1458 699 1629 734 mutata

86 768 152 802 est
174 775 252 816 per
276 761 495 813 Junonem
525 762 567 802 in
598 775 742 802 ursam
766 762 993 815 majorem,
1016 776 1149 816 quam
1172 762 1344 816 Jupiter
1366 761 1629 803 stellificavit

29 849 67 873 10
85 831 324 873 secundum
355 830 538 872 fabulas.
621 831 681 872 Et
714 831 940 872 consimile
973 830 1237 884 figmentum
1270 838 1337 873 est
1369 831 1424 872 de
1456 831 1554 883 alia,
1586 837 1629 871 et

87 905 273 953 utraque
294 905 478 940 vocatur
498 898 683 940 Arthos.
747 899 865 940 Nam
889 899 1095 942 Lucanus
1118 899 1247 941 dicit:

329 968 449 1010 Axis
471 968 736 1019 inocciduus,
757 969 933 1022 gemina
955 969 1221 1010 clarissimus
1246 968 1409 1010 Artho.

87 1037 148 1079 Et
169 1037 321 1091 polum
344 1043 473 1078 vocat
494 1051 626 1078 axem
660 1037 939 1080 inocciduum
972 1038 1075 1091 quia
1105 1051 1331 1091 nunquam
1364 1037 1523 1079 occidit
1553 1037 1629 1091 qui

85 1106 220 1148 habet
242 1106 353 1147 duas
375 1119 496 1147 ursas
519 1106 671 1148 claras.
725 1106 993 1147 Nominatur
1013 1120 1116 1147 vero
1137 1106 1180 1147 in
1214 1106 1334 1147 libris
1366 1107 1628 1147 Latinorum

30 1194 66 1226 15
86 1174 392 1216 astronomicis
411 1175 664 1216 nominibus
679 1174 895 1225 Arabicis,
913 1176 1030 1217 unde
1045 1175 1184 1228 major
1197 1181 1380 1217 vocatur
1395 1175 1631 1225 Senenam‚

87 1250 132 1286 et
156 1236 297 1284 minor
317 1243 575 1285 Alfarenda.

148 1312 262 1354 Sunt
288 1312 371 1353 alie
404 1313 636 1366 ymagines
669 1327 807 1366 usque
836 1314 892 1354 ad
923 1313 996 1363 48,
1025 1313 1138 1353 sicut
1170 1313 1338 1354 dictum
1371 1319 1450 1363 est,
1481 1312 1555 1366 qui
1588 1312 1630 1352 in

86 1380 205 1422 libris
220 1380 485 1435 judiciorum
501 1381 666 1422 habent
684 1381 897 1436 explicari
920 1395 997 1435 per
1017 1381 1222 1434 singulas.
1275 1382 1394 1422 Nam
1410 1381 1494 1422 hoc
1511 1382 1633 1434 quod

87 1450 254 1491 dictum
284 1454 350 1490 est
380 1448 452 1490 hic
483 1449 641 1490 sufficit
676 1451 732 1490 ad
764 1449 1101 1503 intelligendum
1133 1451 1253 1504 quod
1284 1449 1354 1490 hic
1386 1450 1428 1490 in
1459 1463 1632 1490 summa

29 1537 69 1561 20
87 1519 322 1572 querimus.
387 1517 766 1560 Considerandum
813 1525 963 1560 tamen
1006 1519 1125 1572 quod
1169 1518 1335 1560 Plinius
1376 1518 1470 1560 vult
1511 1518 1630 1572 quod

86 1587 317 1642 ymagines
337 1593 439 1629 sunt
462 1598 545 1641 72;
577 1593 645 1629 set
681 1586 736 1642 48
766 1594 867 1629 sunt
901 1587 1175 1642 principales,
1209 1594 1253 1629 et
1285 1601 1471 1641 quarum
1506 1587 1632 1628 stelle

68 1659 271 1711 possunt
293 1657 336 1698 in
357 1657 607 1711 quantitate
629 1655 858 1698 certificari
880 1671 958 1710 per
980 1658 1283 1698 instrumenta.
1347 1656 1507 1697 Plinius
1527 1670 1632 1697 vero

88 1733 132 1767 et
152 1725 225 1767 alii
248 1725 453 1768 locuntur
467 1726 523 1767 de
539 1727 824 1780 ymaginibus
841 1726 1038 1780 pluribus
1056 1740 1188 1779 quam
1203 1726 1426 1768 stellarum
1444 1739 1630 1779 quarum

88 1795 314 1849 quantitas
345 1809 434 1837 non
466 1801 613 1850 potest
639 1795 878 1846 certificari,
912 1808 1012 1836 cum
1042 1801 1192 1836 tamen
1220 1794 1474 1848 hujusmodi
1505 1794 1631 1836 stelle

29 1882 68 1914 ²5
89 1864 176 1905 sint
197 1864 293 1905 visu
316 1864 546 1905 notabiles.
610 1863 750 1905 Stelle
771 1878 875 1906 vero
898 1864 1079 1905 erratice
1111 1870 1214 1905 sunt
1237 1871 1406 1918 septem
1434 1870 1482 1905 ut
1509 1869 1631 1917 patet

90 1933 308 1984 omnibus,
332 1939 375 1974 et
397 1932 498 1974 ideo
520 1939 786 1986 pertranseo.

154 2074 403 2129 Capitulum
426 2081 592 2116 sextum
618 2074 698 2129 <de
720 2075 952 2117 molaribus
972 2074 1248 2129 stellarum).

150 2166 484 2220 Consequenter
498 2167 694 2220 queritur
711 2181 766 2207 an
780 2166 905 2208 stelle
922 2180 1075 2209 omnes
1103 2165 1107 2222 Ι
1136 2166 1343 2208 differant
1358 2167 1504 2219 specie
1520 2167 1634 2208 sicut

90 2249 284 2286 numero,
308 2243 351 2277 et
380 2237 629 2277 ostenditur
655 2237 775 2289 quod
804 2236 878 2278 sic.
942 2237 1060 2278 Nam
1083 2237 1261 2277 effectus
1284 2236 1443 2277 diversi
1467 2243 1569 2277 sunt
1591 2237 1634 2277 in

31 2326 73 2359 30
90 2305 234 2358 specie
249 2317 382 2359 penes
400 2305 591 2346 calidum
609 2304 828 2359 frigidum,
847 2305 1137 2348 masculinum
1155 2305 1427 2356 femininum,
1445 2311 1488 2346 et
1509 2305 1635 2359 quasi

92 2373 274 2415 infinitis
309 2373 465 2424 modis,
484 2381 528 2414 et
560 2374 602 2414 in
635 2374 716 2414 hoc
740 2374 1007 2416 concordant
1039 2387 1192 2415 omnes
1224 2373 1456 2428 sapientes,
1479 2380 1522 2415 et
1553 2388 1633 2415 ex-

91 2442 308 2496 periencia
334 2442 463 2483 docet
492 2442 577 2482 hoc
606 2443 846 2484 secundum
876 2442 1180 2493 Aristotelem,
1204 2442 1278 2495 qui
1305 2443 1413 2484 dicit
1438 2443 1634 2484 secundo

90 2510 190 2563 deA
198 2511 321 2553 nima
333 2511 454 2564 quod
472 2511 702 2552 diversitas
720 2509 956 2553 effectuum
971 2511 1212 2552 secundum
1229 2512 1421 2565 speciem
1439 2512 1636 2565 sequitur

91 2581 148 2622 ad
194 2579 497 2621 diversitatem
543 2586 800 2622 naturarum
844 2580 1160 2633 specificarum,
1204 2587 1249 2622 et
1293 2581 1462 2631 iterum,
1505 2580 1635 2621 orbes

32 2668 72 2701 35
91 2649 285 2691 celorum
315 2656 358 2690 et
394 2648 712 2691 elementorum
745 2655 966 2704 occupant
996 2655 1138 2690 totam
1170 2649 1400 2691 materiam
1432 2662 1557 2690 suam
1590 2649 1634 2689 in

138 2750 174 2771 11
201 2738 348 2780 Lucan]
365 2738 432 2772 viii.
454 2749 524 2779 175.
662 2750 703 2770 20
724 2738 891 2780 Plinius]
909 2738 986 2770 Nat.
1005 2737 1095 2770 Hist.
1113 2739 1146 2770 ii.
1167 2748 1218 2779 41.
1354 2749 1398 2779 33
1415 2741 1461 2771 de
1477 2738 1634 2780 Anima]

92 2792 124 2824 ii.
141 2792 185 2823 60
202 2801 321 2823 comm.

1657 2181 1716 2215 115
1735 2184 1754 2205 a
1775 2182 1802 2203 2.
