1945 3079
827 125 904 167 331

160 225 407 279 Capitulum
432 231 502 275 4¹¹¹.
569 225 710 279 (quod
728 226 894 267 nullum
916 234 1066 280 corpus
1085 241 1172 268 esse
1195 228 1404 281 sextum).

159 317 334 358 Deinde
367 317 731 358 considerandum
771 324 835 358 est
873 318 992 370 quod
1029 331 1114 358 non
1148 324 1296 371 potest
1329 333 1423 360 esse
1460 327 1637 361 sextum

98 400 270 440 corpus,
286 399 388 427 nam
403 400 534 427 omne
552 400 710 440 corpus
726 386 793 428 vel
809 393 874 428 est
892 393 1109 428 rectarum
1128 388 1450 429 dimensionum
1467 396 1638 430 natura-

99 455 195 496 liter
225 454 294 496 vel
327 455 628 496 rotundarum.
704 455 782 496 Set
813 462 1004 508 quatuor
1036 455 1255 496 elementa
1286 463 1388 497 sunt
1422 464 1637 498 rectarum

61 536 79 568 5
98 524 483 576 dimensionum‚et
498 523 638 564 celum
657 531 720 564 est
736 525 1022 566 rotundarum
1042 540 1049 564 :
1067 538 1183 578 ergo,
1198 524 1365 565 nullum
1383 539 1541 580 corpus
1559 527 1640 567 erit

98 599 275 635 sextum
302 600 346 634 et
374 592 493 634 aliud
517 592 559 633 in
582 599 738 634 natura
761 594 818 634 ab
840 593 935 633 hiis.
1002 594 1130 640 Item,
1153 607 1285 634 omne
1299 607 1458 647 corpus
1477 595 1639 636 mobile

98 670 164 704 est
186 677 264 717 per
284 668 501 714 naturam,
523 669 570 703 ut
599 661 866 703 Aristoteles
884 663 1096 716 supponit
1119 663 1161 702 in
1184 663 1525 716 investigacione
1548 677 1638 703 cor-

97 745 254 786 porum
284 731 549 772 naturalium
579 731 621 771 in
652 731 793 785 primo
821 729 915 772 Celz'
932 739 974 772 et
994 731 1173 781 M'undz',
1196 738 1262 772 set
1285 737 1430 772 motus
1459 745 1545 771 non
1575 738 1641 772 est

98 801 179 842 nisi
203 806 344 842 rectus
361 800 436 853 qui
455 801 639 841 debetur
657 801 827 853 corpori
843 807 973 849 recto,
991 799 1058 840 vel
1076 799 1310 850 circularis,
1327 801 1401 853 qui
1417 800 1613 841 circulari
1634 815 1642 851 ;

41 885 80 908 10
97 883 215 923 ergo,
238 869 406 910 nullum
428 882 586 922 corpus
615 875 765 924 potest
790 883 885 910 esse
914 869 1019 922 quin
1049 869 1177 909 unius
1210 869 1393 909 istorum
1426 875 1640 910 motuum.

99 938 172 981 Sic
198 953 302 993 ergo
331 953 461 980 omne
487 952 646 992 corpus
678 939 746 979 vel
774 945 840 980 est
873 939 1015 980 celum
1048 938 1167 991 quod
1199 944 1349 978 natum
1383 945 1449 979 est
1480 939 1643 979 moveri

100 1015 223 1050 motu
253 1008 466 1058 circulari,
494 1007 564 1049 vel
593 1007 861 1049 elementum
890 1008 1011 1061 quod
1041 1014 1192 1048 natum
1224 1014 1290 1047 est
1323 1008 1487 1047 moveri
1518 1013 1641 1048 motu

97 1084 228 1119 recto.
309 1077 490 1131 Loquor
531 1078 586 1118 de
616 1077 888 1131 simplicibus
919 1076 1186 1131 corporibus,
1229 1090 1314 1129 que
1350 1083 1451 1117 sunt
1497 1084 1644 1130 partes

100 1143 360 1199 principales
383 1145 535 1185 mundi
566 1151 610 1185 et
632 1145 687 1184 de
713 1144 870 1196 quibus
900 1144 970 1185 hic
993 1144 1229 1196 loquimur,
1251 1149 1294 1184 et
1317 1148 1465 1183 tamen
1489 1157 1644 1197 corpus

39 1231 78 1265 15
99 1214 411 1268 compositum,
434 1220 482 1255 ut
513 1213 703 1254 mixtum
731 1227 788 1254 ex
814 1213 1056 1263 elementis,
1079 1219 1282 1253 movetur
1311 1218 1435 1252 motu
1457 1212 1644 1266 simplici

99 1291 231 1333 recto,
253 1284 326 1336 qui
350 1289 416 1324 est
438 1283 643 1324 elementi
666 1283 934 1324 dominantis
957 1282 1000 1322 in
1028 1295 1092 1330 eo,
1116 1281 1228 1322 sicut
1250 1281 1517 1322 Aristoteles
1539 1281 1646 1322 dicit

100 1353 143 1393 in
165 1354 308 1407 primo
332 1351 422 1394 Celz'
439 1359 482 1393 et
496 1351 676 1402 Mundi,
700 1359 744 1393 et
766 1352 948 1405 planum
974 1351 1055 1391 erit
1078 1365 1136 1391 ex
1159 1349 1453 1402 sequentibus
1518 1351 1644 1399 Item,

99 1421 364 1463 Aristoteles
379 1422 506 1463 docet
520 1422 665 1475 primo
688 1419 778 1462 Celz·
789 1426 833 1460 et
849 1419 910 1460 M
908 1418 1017 1460 zmdz‘
1031 1432 1108 1473 per
1124 1418 1429 1459 testimonium
1447 1419 1644 1459 omnium

100 1490 464 1546 philosophorum
493 1490 776 1543 antiquorum
811 1489 930 1543 quod
965 1488 1088 1528 locus
1120 1487 1204 1528 Dei
1239 1494 1284 1529 et
1315 1488 1548 1540 spirituum
1581 1494 1646 1529 est

11 1564 14 1567 '
42 1576 82 1599 20
100 1560 244 1602 celum
267 1567 448 1615 propter
469 1559 745 1601 nobilitatem
764 1572 914 1600 eorum
937 1564 981 1599 et
1003 1557 1279 1598 nobilitatem
1304 1556 1383 1598 celi
1403 1557 1646 1597 maximam

102 1628 215 1671 inter
234 1643 431 1685 corpora,
452 1643 557 1684 ergo
580 1642 667 1669 non
689 1633 836 1681 potest
858 1640 951 1667 esse
973 1640 1131 1679 corpus
1154 1626 1268 1666 ultra
1289 1625 1431 1666 celum
1455 1625 1646 1666 nobilius

101 1713 165 1740 eo.
229 1699 310 1741 Set
340 1700 376 1740 si
406 1704 522 1740 esset
551 1698 732 1751 aliquod
763 1696 897 1738 alcius
924 1709 988 1745 eo,
1011 1694 1200 1736 nobilius
1230 1701 1368 1736 esset:
1399 1694 1402 1748 Ι
1432 1708 1538 1748 ergo
1561 1707 1647 1735 non
1666 1706 1706 1741 97
1726 1711 1745 1731 a
1766 1709 1794 1731 1.

100 1774 248 1822 potest
269 1782 364 1810 esse
385 1767 563 1822 aliquod
585 1767 705 1808 aliud
729 1779 888 1820 corpus
912 1779 937 1806 a
959 1765 1054 1805 celo
1077 1771 1121 1805 et
1142 1763 1371 1804 elementis
1394 1771 1598 1817 quatuor.

160 1836 208 1879 Si
230 1851 335 1879 vero
357 1838 529 1878 dicatur
550 1836 670 1890 quod
694 1842 849 1876 natura
872 1834 952 1875 celi
975 1840 1039 1874 est
1065 1833 1234 1887 species
1256 1832 1440 1885 alicujus
1463 1832 1649 1886 generis,

43 1921 82 1953 25
100 1915 166 1950 set
196 1907 353 1949 divisio
382 1906 554 1961 generis
586 1918 674 1945 non
708 1911 775 1946 est
801 1917 879 1957 per
911 1917 1043 1944 unam
1075 1902 1267 1956 speciem
1298 1907 1476 1942 tantum
1509 1908 1575 1943 set
1607 1902 1650 1942 in

101 1978 211 2019 duas
233 1978 375 2031 primo
398 1975 577 2029 equales
599 1988 684 2028 que
705 1974 851 2028 posite
872 1972 954 2013 sub
977 1972 1135 2013 eodem
1159 1984 1320 2025 genere
1353 1971 1548 2011 maxime
1581 1970 1647 2011 di-

100 2053 231 2096 stant,
255 2054 298 2087 et
327 2046 426 2086 ideo
447 2050 548 2085 sunt
575 2043 791 2085 contrarie
820 2055 900 2095 per
928 2040 1240 2083 diffinicionem
1263 2041 1580 2081 contrariorum
1606 2041 1648 2080 in

101 2122 152 2157 x⁰
184 2115 502 2169 Methaplzz'sz'ce
520 2128 529 2164 ;
567 2119 633 2154 set
665 2112 807 2153 celum
840 2124 928 2152 non
961 2109 1251 2151 contrariatur
1283 2108 1511 2159 elemento,
1547 2109 1649 2162 quia

100 2192 206 2227 tunc
225 2189 521 2237 corrumperet
538 2182 688 2223 statim
706 2180 938 2230 elementa,
957 2186 1006 2221 ut
1022 2179 1251 2232 Averroys
1272 2178 1378 2219 dicit
1393 2178 1536 2231 primo
1563 2176 1654 2219 Celz'

43 2266 84 2297 30
100 2261 144 2296 et
173 2254 352 2305 Mundi,
381 2258 561 2308 propter
593 2250 941 2304 magnitudinem
974 2261 1099 2290 suam
1126 2246 1417 2289 excellentem
1450 2253 1649 2300 respectu

148 2423 185 2453 17
211 2415 291 2445 Geli
306 2416 344 2444 et
360 2411 515 2452 Mundi]
532 2411 552 2442 i.
570 2421 597 2450 7.
703 2409 741 2439 18
767 2410 847 2440 Geli
864 2411 901 2439 et
918 2406 1073 2447 Mundi]
1092 2406 1113 2437 i.
1133 2416 1185 2437 22.
1289 2406 1331 2435 28
1355 2402 1649 2444 Methaphisiee]

103 2477 135 2498 x.
156 2475 272 2506 13—15.
407 2474 449 2504 29
471 2465 553 2496 Geli
569 2466 607 2495 et,
625 2460 780 2502 Mundi]
799 2460 821 2492 i.
841 2470 893 2500 24,
913 2460 956 2490 26
972 2469 1093 2490 comm.

145 2615 165 2634 2
189 2602 340 2644 Deinde]
359 2602 492 2633 Deinde
509 2606 630 2641 quarto
650 2600 681 2632 Ο
857 2608 877 2638 5
902 2609 947 2629 ex
963 2602 1084 2628 natura
1103 2607 1164 2627 sua
1181 2600 1216 2627 et
1233 2606 1277 2626 ex
1294 2595 1505 2636 figuracione
1522 2593 1586 2625 celi
1603 2604 1647 2624 ne

104 2657 162 2687 fiat
178 2665 333 2695 vacuum,
353 2660 433 2686 sunt
449 2654 582 2694 sperica
594 2657 670 2694 post
685 2652 935 2683 dimensionum
952 2651 1015 2680 ins.
1033 2648 1076 2678 M
1251 2650 1272 2678 6
1295 2647 1431 2688 natura]
1451 2656 1592 2676 nurnero
1610 2645 1652 2675 M

102 2720 124 2749 9
147 2708 333 2746 circularis,
365 2707 422 2746 qui
453 2705 627 2746 circulari]
659 2704 884 2743 circulariter,
915 2703 995 2742 quia
1024 2701 1182 2732 circulari
1216 2700 1246 2730 O
1455 2709 1493 2729 10
1532 2697 1649 2738 unius]

103 2770 206 2791 unum
220 2759 251 2791 O
403 2768 438 2789 11
460 2758 516 2788 Sic
529 2756 625 2797 ergo]
638 2756 689 2788 sit.
738 2756 830 2794 Ergo
845 2755 875 2786 O
1037 2763 1076 2791 13
1099 2751 1183 2793 que]
1197 2752 1254 2791 qui
1275 2751 1305 2781 O
1448 2760 1488 2788 23
1513 2749 1650 2788 aliquod

102 2813 169 2843 om.
189 2811 219 2842 O
354 2819 395 2849 25
420 2809 498 2850 per]
516 2809 551 2840 in
569 2808 600 2839 O
736 2808 778 2838 26
803 2806 911 2846 primo
929 2804 1087 2845 equales]
1106 2813 1299 2843 coequevas
1318 2802 1348 2832 O
