1945 3079
100 938 141 969 O.
166 936 204 968 18
221 946 250 968 a.

107 1018 166 1041 102
186 1009 208 1041 b
227 1017 255 1040 1.

999 60 1083 106 352

272 179 515 214 mentorum
538 167 724 223 angulus
742 166 1017 209 extrinsecus
1034 165 1268 220 cujuslibet
1286 164 1492 221 trianguli
1510 171 1574 207 est
1594 163 1736 218 major
1757 164 1821 205 in-

268 242 457 282 trinseco
472 239 554 281 sibi
573 238 794 293 opposito,
809 250 914 291 ergo
934 236 1064 277 ΑΒΙ)
1075 236 1260 290 angulus
1277 243 1344 278 est
1361 234 1634 289 majorAFB
1644 234 1821 287 angulo,

266 310 444 359 scilicet,
470 315 626 350 acutus
655 314 787 357 recto,
819 307 939 361 quod
971 312 1037 347 est
1065 305 1335 360 inpossibile.
1400 305 1542 347 Cadet
1570 305 1703 358 igitur
1730 317 1823 358 per-

268 378 563 434 pendicularis
586 378 697 419 infra
720 376 991 430 triangulum
1022 376 1083 417 sic
1106 382 1149 417 et
1178 375 1488 416 terminabitur
1518 375 1561 415 in
1584 374 1619 416 C
1643 380 1823 428 puncto.

271 449 350 492 Set
374 462 451 502 per
470 454 572 503 19am
589 447 718 502 primi
737 447 1068 496 Elementorum
1085 445 1165 487 hec
1182 443 1635 499 perpendicularis-est
1651 442 1825 484 brevior
1845 452 1864 485 5

270 518 376 570 aliis,
394 531 498 572 ergo
521 531 638 571 aqua
659 522 803 558 curret
826 530 852 556 a
874 515 1074 556 terminis
1091 513 1274 555 aliarum
1297 514 1486 555 duarum
1509 513 1565 554 ad
1587 512 1826 554 terminum

269 587 645 642 perpendicularis
687 587 790 627 date
823 598 1053 638 usquequo
1089 584 1149 624 eis
1183 588 1381 637 equetur.
1430 581 1570 635 'Ergo
1611 595 1701 623 non
1743 581 1828 623 erit

269 658 403 714 plana
435 657 685 712 superficies
719 657 775 697 ad
808 669 943 710 quam
975 654 1271 696 terminantur
1295 666 1374 708 per
1408 658 1511 706 19am
1538 652 1669 701 illam,
1692 665 1828 706 quare

270 734 446 783 oportet
482 728 602 782 quod
637 727 693 768 sit
735 724 1090 767 circumferencia
1131 723 1281 765 circuli
1323 736 1401 777 per
1443 728 1519 775 9³¹¹¹
1559 722 1684 764 tercii
1721 721 1828 762 Ele-

272 802 531 847 mentm‘mn,
558 794 659 848 quia
687 793 836 847 plures
866 792 981 833 linee
1012 806 1146 846 quam
1169 791 1255 832 due
1283 796 1452 831 exeunt
1480 789 1549 830 hic
1581 789 1637 830 ab
1669 789 1829 830 eodem
1853 801 1894 824 10

271 868 439 917 puncto
463 861 653 916 equales.
717 860 836 914 Ergo
868 866 1044 914 oportet
1072 859 1192 912 quod
1220 857 1291 899 ille
1323 863 1513 912 punctus
1539 856 1595 898 sit
1627 862 1831 897 centrum

273 930 421 971 circuli
450 928 454 981 1
483 930 539 970 ad
570 929 693 982 cujus
723 927 1128 969 circumferenciam
1161 926 1455 967 terminentur
1487 924 1560 966 ille
1592 930 1681 965 tres
1709 923 1832 975 linee‚

280 1006 322 1041 et
346 1000 406 1041 sic
429 1000 486 1040 de
508 999 716 1040 omnibus
735 997 893 1038 talibus
923 994 929 1052 1
954 995 1077 1037 lineis
1095 995 1239 1036 ductis
1252 995 1309 1036 ab
1324 994 1407 1036 hoc
1424 1001 1574 1036 centro
1592 994 1636 1034 in
1654 1006 1833 1035 omnem

281 1076 453 1124 partem
476 1082 601 1122 aque,
623 1080 759 1121 quare
788 1071 963 1120 oportet
985 1066 1104 1119 quod
1131 1065 1174 1106 A
1196 1063 1386 1118 punctus
1408 1064 1464 1104 sit
1489 1070 1688 1105 centrum
1709 1077 1834 1118 spere

281 1152 485 1188 concave‚
516 1138 620 1191 quia
662 1149 816 1177 omnes
849 1135 961 1176 linee
992 1140 1095 1175 sunt
1127 1133 1305 1187 equales
1338 1134 1587 1175 adinvicem
1631 1130 1710 1187 per
1749 1132 1834 1174 hoc
1857 1155 1895 1188 15

278 1208 399 1262 quod
432 1221 548 1262 aqua
586 1219 761 1260 semper
794 1205 927 1246 currit
962 1204 1017 1246 ad
1058 1203 1309 1245 inferiorem
1346 1203 1507 1246 locum.
1573 1203 1635 1245 Et
1675 1203 1835 1244 iterum

280 1277 478 1331 sequitur
520 1276 641 1329 quod
677 1289 764 1317 non
802 1281 987 1328 possunt
1021 1273 1246 1315 terminari
1291 1272 1363 1314 ille
1404 1279 1553 1327 partes
1593 1279 1681 1314 tres
1721 1271 1836 1313 linee

282 1347 461 1401 equales
483 1347 538 1387 ad
563 1344 840 1399 superficiem
869 1343 1062 1398 planam,
1085 1357 1163 1397 per
1194 1349 1297 1397 1911111
1319 1343 1462 1397 primi,
1485 1356 1630 1396 neque
1655 1342 1711 1384 ad
1734 1355 1836 1384 con-

281 1430 443 1457 vexam
485 1429 564 1470 per
597 1421 799 1456 octavam
843 1413 963 1454 tercii
1004 1412 1354 1462 Elementorum,
1393 1412 1495 1466 quia
1533 1413 1567 1453 si
1604 1426 1629 1452 a
1671 1417 1838 1466 puncto

283 1493 408 1528 extra
454 1484 664 1527 circulum
708 1484 776 1525 vel
820 1496 993 1536 speram
1036 1482 1181 1537 plures
1224 1483 1336 1523 linee
1378 1483 1596 1524 ducantur
1637 1488 1838 1523 secantes
1860 1501 1901 1524 20

285 1556 495 1597 circulum
520 1554 735 1608 majorem
758 1554 800 1594 in
831 1567 969 1606 spera,
991 1552 1067 1594 illa
1088 1566 1172 1606 que
1196 1553 1456 1593 terminatur
1478 1552 1534 1593 ad
1556 1552 1839 1605 dyametrum

291 1625 440 1667 circuli
473 1631 516 1666 et
549 1637 676 1678 spere
712 1623 886 1664 brevior
917 1628 983 1664 est
1020 1622 1239 1673 omnibus,
1271 1622 1373 1663 ideo
1414 1627 1592 1676 oportet
1630 1622 1749 1675 quod
1782 1621 1838 1663 ad

286 1708 525 1736 concavam
568 1692 845 1747 superficiem
882 1705 1008 1746 spere
1045 1692 1334 1733 terminentur
1374 1691 1446 1732 ille
1492 1691 1604 1732 linee
1647 1690 1838 1744 equales.

291 1765 352 1806 Et
374 1777 474 1805 cum
490 1763 601 1804 tales
623 1762 790 1803 infinite
809 1761 989 1815 equales
1008 1768 1194 1814 possunt
1216 1761 1315 1803 duci
1335 1761 1392 1802 ab
1407 1760 1452 1801 A
1467 1766 1643 1816 puncto,
1659 1766 1843 1815 propter

289 1835 372 1875 hoc
409 1834 528 1887 quod
561 1847 676 1887 aqua
711 1846 886 1886 semper
920 1832 1054 1873 currit
1089 1832 1145 1873 ad
1188 1830 1437 1873 inferiorem
1473 1831 1635 1882 locum,
1666 1837 1842 1886 oportet
1864 1847 1904 1880 25

291 1904 412 1957 quod
435 1904 515 1944 hec
538 1901 790 1956 superficies
812 1902 867 1943 sit
890 1901 1072 1956 sperica.
1136 1901 1215 1943 Set
1244 1902 1278 1942 si
1309 1901 1560 1955 superficies
1587 1915 1702 1955 aque
1731 1901 1842 1943 inte-

293 1973 378 2013 rior
414 1973 470 2013 sit
506 1985 713 2022 concava,
749 1978 924 2025 oportet
956 1972 1074 2024 quod
1109 1971 1304 2013 exterior
1342 1972 1397 2012 sit
1430 1984 1628 2012 convexa
1664 1971 1844 2024 sperica.

294 2042 412 2082 Nam
442 2041 586 2082 ductis
617 2041 743 2081 lineis
775 2055 801 2080 a
832 2047 981 2082 centro
1014 2040 1166 2081 mundi
1192 2054 1330 2094 usque
1362 2040 1418 2080 ad
1452 2045 1700 2082 extremam
1733 2053 1846 2094 aque

295 2109 587 2165 superficiem,
609 2123 695 2162 que
717 2110 873 2150 eadem
898 2117 963 2150 est
994 2123 1188 2151 concava
1218 2116 1262 2151 et
1285 2123 1483 2151 convexa
1512 2110 1602 2151 sive
1629 2109 1847 2163 profunda

295 2186 421 2221 erunt
444 2179 621 2233 equales
645 2186 693 2221 ut
716 2179 846 2233 prius,
868 2192 973 2232 ergo
994 2192 1093 2228 cum
1117 2179 1204 2220 sint
1227 2177 1393 2220 infinite
1415 2185 1458 2220 et
1481 2179 1676 2232 undique
1702 2179 1846 2231 ducte‚
1868 2199 1909 2232 30

296 2254 475 2303 oportet
511 2249 630 2302 quod
673 2249 728 2290 ad
767 2248 1044 2303 superficiem
1082 2261 1209 2302 spere
1250 2250 1525 2290 concurrant.
1591 2248 1650 2289 Et
1689 2248 1846 2290 iterum

296 2331 486 2359 concava
510 2331 603 2359 esse
625 2330 711 2358 non
736 2325 883 2371 potest
913 2318 1062 2371 aliquo
1086 2318 1227 2359 modo'
1250 2317 1355 2371 quin
1377 2324 1522 2359 essent
1548 2317 1717 2359 infinite
1743 2331 1846 2359 con-

295 2387 505 2428 cavitates
548 2387 590 2427 in
632 2388 753 2427 omni
795 2394 961 2440 puncto
1004 2388 1310 2441 contingentes
1343 2400 1500 2441 corpus
1542 2401 1668 2440 aque.
1733 2388 1847 2428 Item

297 2469 536 2498 concavum
561 2468 648 2496 non
675 2461 826 2496 natum
850 2462 916 2496 est
943 2456 1167 2505 contineri,
1194 2462 1259 2496 set
1289 2469 1405 2509 aqua
1433 2455 1689 2497 naturaliter
1710 2456 1848 2497 conti-

348 2612 365 2641 7
392 2601 690 2642 perpendicularis
708 2601 804 2643 date]
823 2601 1149 2642 perpendicularem
1167 2601 1256 2633 dicte
1275 2600 1306 2632 Ο
1411 2602 1432 2632 8
1454 2601 1575 2643 quare]
1592 2582 1801 2643 quapropter
1819 2601 1850 2633 Ο

306 2665 344 2685 12
370 2653 701 2688 circumserenciaml
720 2659 874 2685 centrum
892 2654 934 2684 M
1082 2663 1119 2693 17
1144 2658 1260 2694 partes
1277 2664 1342 2685 om.
1364 2653 1395 2684 O
1539 2663 1578 2684 21
1607 2654 1640 2685 in
1658 2655 1778 2696 spera]
1796 2655 1850 2686 vel

302 2716 440 2745 speram
457 2705 499 2736 M
627 2717 666 2746 27
693 2706 735 2737 sit
750 2707 821 2748 pn]
840 2712 892 2738 est
912 2705 942 2737 Ο
1064 2716 1107 2746 29
1132 2705 1315 2747 profunda]
1334 2705 1504 2746 profundo
1525 2706 1556 2738 O
1679 2716 1720 2747 33
1746 2706 1852 2748 Item]

305 2758 348 2788 Et
366 2758 489 2788 iterum
509 2757 539 2788 O

1923 1226 1926 1248 Ι
