1945 3079
837 91 919 146 389

107 203 261 245 decem
285 203 399 246 celos
422 218 528 258 esse,
553 210 595 246 et
613 205 716 246 dicit
738 206 857 258 quod
876 205 959 247 hoc
977 206 1116 248 voluit
1134 206 1432 258 ptholomeus,
1448 213 1491 250 et
1508 213 1653 249 osten-

108 273 174 314 dit
208 280 387 326 propter
419 274 717 315 diversitatem
752 273 953 327 polorum
989 274 1031 315 in
1065 276 1157 317 istis
1189 276 1341 318 decem
1373 276 1502 327 celis;
1534 284 1577 319 et
1610 277 1653 317 in

106 341 466 394 exposicionibus
496 342 750 396 Almageslz'
772 342 989 384 invenitur
1019 345 1139 397 quod
1169 351 1271 386 sunt
1308 346 1460 386 decem
1484 345 1573 396 celi,
1611 352 1655 386 et

104 409 189 451 hoc
210 411 460 452 ostenditur
480 425 557 465 per
580 416 726 452 motus
748 411 860 453 duos
889 425 1147 454 communes
1178 419 1279 455 octo
1310 414 1460 466 speris,
1480 414 1655 464 scilicet,

68 496 87 528 5
105 478 326 520 declivum
357 485 400 520 et
428 485 607 520 rectum.
670 479 840 520 Neuter
861 494 965 521 vero
989 481 1171 522 istorum
1195 483 1504 536 appropriatur
1526 481 1655 523 alicui

105 548 159 588 de
180 547 275 588 istis
298 553 409 596 octo,
432 554 478 588 ut
512 553 658 588 motus
689 548 885 589 declivus
913 562 1000 589 non
1030 555 1176 603 potest
1203 564 1310 602 esse,
1332 550 1434 604 quia
1466 557 1569 592 tunc
1601 551 1657 592 ab

105 629 157 656 eo
189 616 318 658 ceteri
341 616 555 658 haberent
577 616 692 658 hunc
716 624 885 658 motum
908 631 917 668 ;
959 624 1024 659 set
1047 631 1132 659 non
1151 617 1326 660 habent.
1391 618 1522 661 Solus
1544 619 1657 660 enim

103 685 221 726 orbis
241 685 344 726 solis
366 692 408 726 et
430 692 587 727 octava
602 699 728 739 spera
747 691 977 727 moventur
992 687 1234 728 secundum
1259 687 1411 728 orbem
1434 687 1657 740 signorum

103 753 195 794 sine
232 753 534 796 declinacione
572 755 628 795 ad
666 754 893 795 meridiem
932 755 1000 795 vel
1038 755 1398 808 septentrionem,
1432 755 1505 796 alii
1540 756 1655 797 enim

47 840 85 863 10
103 823 230 863 orbes
252 823 530 876 planetarum
562 830 795 864 moventur
817 837 948 877 super
969 824 1076 865 alios
1100 824 1228 877 polos
1246 824 1505 866 circulorum
1523 825 1657 866 decli-

101 906 254 933 vorum
278 893 460 934 aliorum
484 893 541 933 ab
565 893 669 943 istis,
686 899 730 934 et
752 893 998 934 abinvicem
1022 893 1293 935 declinantes
1314 893 1370 935 ad
1393 894 1657 947 septentrio-

102 974 202 1002 nem
226 968 270 1002 et
294 962 531 1003 meridiem.
596 961 709 1003 Cum
733 961 865 1015 igitur
891 975 978 1003 non
1001 962 1166 1003 habent
1189 969 1360 1003 motum
1383 962 1653 1004 consimilem

101 1037 255 1071 octave
285 1044 421 1084 spere,
445 1044 531 1071 non
562 1031 643 1072 erit
673 1038 819 1072 motus
847 1032 1041 1073 declivus
1070 1032 1211 1086 primo
1237 1032 1280 1072 in
1302 1046 1366 1082 eo,
1391 1038 1456 1072 set
1479 1037 1656 1084 oportet

101 1100 220 1152 quod
237 1100 293 1140 sit
308 1100 351 1140 in
373 1100 460 1140 alio
482 1100 538 1141 ab
553 1099 628 1140 eis.
687 1100 747 1140 Et
765 1100 800 1140 si
826 1107 973 1141 motus
997 1100 1189 1143 declivus
1209 1102 1290 1142 erit
1313 1101 1356 1141 in
1373 1100 1460 1142 alio
1483 1101 1538 1141 ab
1556 1100 1654 1150 illis,

43 1183 80 1215 15
101 1174 276 1221 oportet
329 1168 469 1209 multo
502 1168 640 1221 magis
672 1169 791 1222 quod
826 1175 971 1210 motus
1003 1177 1145 1211 rectus
1177 1171 1251 1223 qui
1285 1176 1350 1211 est
1378 1170 1498 1224 prior
1530 1175 1652 1210 motu

101 1237 255 1278 declivi
288 1238 342 1278 sit
372 1237 415 1277 in
441 1237 528 1278 alio
557 1238 613 1278 ab
645 1237 738 1279 istis
768 1244 881 1279 octo.
946 1238 1025 1279 Set
1056 1245 1203 1280 motus
1232 1238 1236 1293 1
1264 1239 1353 1280 duo
1382 1239 1541 1279 diversi
1565 1251 1653 1279 non

101 1312 203 1347 sunt
226 1306 269 1346 in
293 1306 452 1347 eodem
475 1319 659 1360 corpore
680 1306 881 1359 simplici,
905 1320 1008 1360 ergo
1031 1313 1212 1361 propter
1233 1307 1340 1349 istos
1372 1307 1482 1348 duos
1507 1313 1653 1348 motus

101 1381 278 1429 oportet
295 1375 414 1429 quod
427 1388 643 1429 ponamus
662 1376 750 1416 duo
767 1389 951 1428 corpora
969 1381 1071 1416 ante
1089 1375 1172 1416 ista
1187 1381 1297 1426 octo,
1312 1389 1499 1429 quorum
1517 1389 1651 1416 unum

102 1443 350 1485 movebitur
372 1450 496 1485 motu
519 1449 655 1493 recto,
679 1449 722 1484 et
743 1443 863 1485 aliud
891 1450 1014 1485 motu
1047 1443 1240 1497 obliquo.
1305 1444 1417 1485 Item
1449 1457 1548 1485 cum
1581 1444 1651 1485 isti

43 1528 84 1550 ²0
101 1514 189 1555 duo
206 1513 366 1563 circuli,
380 1513 553 1563 scilicet,
570 1518 714 1554 rectus
731 1519 774 1553 et
797 1512 1014 1566 obliquus,
1030 1513 1199 1553 distant
1221 1513 1363 1567 prima
1386 1513 1650 1564 diversitate,

101 1589 145 1624 et
167 1595 254 1624 non
277 1588 379 1623 sunt
402 1582 728 1635 comparabilia,
752 1588 926 1637 oportet
944 1583 1064 1635 quod
1080 1588 1226 1623 motus
1248 1582 1447 1623 similiter
1462 1583 1548 1623 sint
1563 1583 1652 1624 duo

99 1645 229 1707 primi
258 1665 345 1694 non
375 1652 697 1705 comparabiles
729 1652 1002 1702 adinvicem;
1033 1666 1138 1706 ergo
1161 1658 1286 1693 erunt
1321 1652 1363 1692 in
1396 1652 1651 1706 corporibus

99 1721 272 1763 duobus
304 1735 390 1763 non
424 1721 798 1776 comparabilibus
831 1734 910 1762 nec
943 1721 1188 1763 adinvicem
1221 1721 1574 1774 dependentibus
1606 1722 1650 1762 in

100 1797 235 1832 motu.

40 1873 78 1905 ²5
158 1859 203 1901 Si
246 1875 349 1914 ergo
385 1867 488 1902 octo
523 1860 651 1902 orbes
681 1865 724 1902 et
760 1859 925 1902 mobile
951 1864 1073 1901 motu
1109 1866 1230 1902 recto
1266 1867 1368 1902 sunt
1401 1860 1647 1903 adinvicem

97 1929 419 1984 comparabiles
442 1936 484 1971 et
508 1929 868 1983 proporcionales
883 1930 926 1970 in
950 1936 1086 1980 motu,
1113 1936 1156 1971 et
1179 1929 1378 1970 similiter
1397 1936 1499 1971 octo
1521 1931 1648 1972 orbes

98 2005 142 2040 et
166 1999 331 2040 mobile
353 2005 476 2040 motu
499 1999 682 2049 declivo,
707 2013 811 2052 ergo
833 2005 938 2041 tunc
961 2006 1140 2053 oportet
1154 2012 1319 2052 ponere
1341 1999 1454 2040 duos
1471 2000 1648 2054 primOS,

98 2069 275 2119 scilicet,
297 2073 462 2109 rectum
486 2074 529 2109 et
552 2067 781 2119 declivum,
804 2069 879 2122 qui
902 2081 990 2109 non
1013 2069 1101 2110 sint
1131 2074 1256 2110 motu
1280 2068 1648 2122 prop01·cionaleS‚

98 2151 177 2180 nec
208 2137 454 2179 adinvicem
487 2138 668 2186 reducti,
701 2144 748 2179 ut
781 2151 915 2178 unum
947 2151 1023 2192 per
1053 2137 1242 2179 alterum
1270 2143 1512 2189 moveatur,
1543 2139 1647 2191 quia

38 2218 79 2250 30
97 2214 244 2262 preter
265 2213 367 2248 octo
393 2214 519 2248 erunt
551 2208 652 2258 duo,
675 2221 863 2260 quorum
886 2220 1019 2248 unum
1050 2206 1302 2247 movebitur
1330 2212 1452 2248 motu
1476 2207 1647 2249 declivo

98 2283 143 2319 et
177 2276 316 2331 rapiet
347 2290 495 2317 secum
526 2282 630 2318 octo
663 2277 803 2326 orbes,
848 2282 892 2317 et
924 2275 1037 2316 alter
1075 2276 1326 2316 movebitur
1358 2281 1481 2317 motu
1514 2282 1645 2327 recto,

99 2345 224 2399 cujus
256 2352 381 2386 motu
424 2346 553 2387 orbes
596 2351 699 2386 octo
738 2345 975 2399 rapiantur,
1009 2345 1069 2385 ita
1111 2344 1231 2398 quod
1273 2350 1476 2386 neutrum
1519 2351 1644 2386 motu

97 2414 276 2456 alterius
312 2415 573 2456 movebitur,
637 2414 852 2468 Quamvis
883 2413 965 2455 hoc
997 2413 1125 2454 valde
1147 2415 1306 2455 durum
1330 2413 1476 2455 multis
1497 2415 1645 2456 videa-

97 2491 184 2534 tur,
204 2484 298 2538 ejus
319 2484 504 2525 duricies
527 2484 801 2538 mitigabitur
822 2497 898 2537 per
920 2483 1166 2536 sequencia.

38 2562 77 2595 35
136 2546 238 2596 'Set
270 2554 390 2607 quod
423 2554 567 2608 primo
599 2554 786 2596 obicitur
819 2559 972 2594 contra
1003 2552 1086 2594 hoc
1119 2559 1185 2594 est
1222 2554 1342 2606 quod
1374 2552 1643 2594 Aristoteles

98 2624 211 2665 libro
240 2623 330 2666 Celz'
348 2629 388 2664 et
407 2623 577 2665 Mundi
594 2630 799 2666 octavum
823 2623 964 2664 celum
987 2628 1116 2664 vocat
1140 2623 1329 2677 primum
1349 2623 1512 2673 orbem,
1536 2627 1580 2663 et
1602 2621 1642 2663 ei

136 2783 183 2831 ⁷3⁶
207 2783 288 2814 Geli
303 2787 342 2815 et
357 2782 508 2824 Mundi]
527 2782 560 2814 ii.
583 2793 634 2822 71.

1674 1253 1734 1278 112
1752 1246 1774 1279 b
1793 1254 1824 1278 1.
