1945 3079
131 1802 189 1825 112
209 1805 228 1826 a
248 1803 275 1827 2.

1033 55 1116 109 388

298 188 379 227 sub
413 199 476 226 e0.
551 183 685 238 Quod
719 183 857 225 eciam
891 183 947 224 sit
981 195 1146 224 nonum
1179 183 1322 225 celum
1360 183 1466 224 dicit
1499 181 1769 224 Aristoteles
1807 182 1850 222 in

300 254 517 309 principio
547 252 866 307 Metlzaplzisice
896 265 1118 307 expresse,
1140 253 1382 294 secundum
1415 252 1534 306 quod
1568 266 1625 293 ex
1652 250 1850 305 pluribus

302 335 488 378 apparet
509 323 882 365 translationibus.

362 394 495 448 Quod
520 393 659 434 eciam
691 393 779 434 sint
810 406 982 440 novem,
1005 392 1110 433 dicit
1136 390 1370 432 Avicenna
1392 397 1438 445 9⁰
1460 390 1776 443 Methaplcz'sz'ce
1807 397 1852 432 et

300 464 472 518 inponit
498 463 760 504 Ptholomeo
783 463 902 516 quod
925 462 1019 515 ipse
1041 461 1191 516 posuit
1213 474 1386 510 novem,
1408 467 1451 502 et
1475 467 1647 502 constat
1669 467 1850 511 ceteros,
1871 479 1889 512 5

301 540 349 574 ut
381 531 578 574 Thebith
616 538 659 573 et
696 531 806 574 alios
845 531 1185 573 mathematicos
1224 537 1326 583 post
1359 529 1695 580 ptholomeum<
1720 544 1850 584 posu-

301 603 385 643 isse
401 616 558 644 novem
574 601 690 643 celos
704 607 885 655 propter
907 606 1079 642 motum
1095 599 1243 641 circuli
1261 599 1398 652 parvi,
1416 598 1540 652 cujus
1563 605 1764 641 centrum
1783 606 1849 641 est

299 677 433 726 caput
455 671 625 713 Arietis
647 671 715 712 vel
736 670 879 719 Libre,
902 668 980 711 celi
999 668 1116 711 noni.
1174 669 1234 710 Et
1248 668 1539 721 Alpetragius
1554 669 1749 710 ostendit
1765 668 1850 710 hoc

299 741 441 782 celum
465 755 560 782 esse
581 741 702 782 aliud
732 741 790 781 ab
812 746 970 781 octavo
993 738 1192 792 pluribus
1214 738 1477 779 racionibus.
1540 738 1661 779 Nam
1683 737 1851 792 duplex

298 817 366 852 est
407 811 604 860 circulus,
645 809 823 859 scilicet,
865 814 1009 851 rectus
1051 813 1098 849 ut
1143 807 1466 861 equinoccialis,
1508 814 1553 849 et
1588 807 1770 849 declivis
1801 814 1851 850 ut
1873 823 1914 846 ιο

298 881 518 932 zodiacus,
540 894 730 934 quorum
752 879 926 932 utrique
958 877 1143 920 debetur
1170 891 1275 918 suus
1307 883 1455 918 motus
1484 878 1704 931 proprius,
1769 877 1850 920 Set

295 963 453 1004 corpus
477 963 612 991 unum
634 948 826 1002 simplex
849 961 937 988 non
960 953 1163 988 movetur
1185 946 1266 987 nisi
1289 947 1419 987 unico
1448 953 1572 988 motu
1595 947 1783 1001 simplici
1806 953 1850 989 et

295 1019 498 1073 propri03
530 1033 634 1073 ergo
664 1019 746 1060 erit
772 1017 954 1071 aliquod
989 1030 1147 1070 corpus
1173 1015 1293 1057 aliud
1324 1029 1350 1056 a
1381 1015 1477 1056 celo
1507 1015 1685 1057 stellato
1706 1031 1732 1058 a
1760 1030 1850 1070 quo

296 1102 435 1129 unum
468 1087 643 1129 illorum
676 1093 882 1128 motuum
914 1085 1109 1128 habebit.
1175 1085 1255 1127 Set
1286 1085 1377 1126 non
1418 1091 1484 1127 est
1526 1085 1687 1140 aliquis
1728 1086 1847 1128 orbis

296 1157 590 1211 planetarum,
622 1157 727 1210 quia
763 1155 940 1197 inferior
972 1169 1061 1196 non
1094 1160 1161 1196 est
1197 1168 1329 1196 causa
1362 1161 1509 1196 motus
1545 1155 1588 1196 in
1624 1156 1850 1209 superiori,
1873 1175 1911 1208 ¹5

295 1232 429 1281 atque
461 1240 550 1268 non
582 1233 647 1268 est
679 1228 783 1268 dare
815 1225 938 1279 eujus
971 1224 1090 1267 orbis
1122 1223 1299 1278 planete
1339 1224 1397 1265 sit
1430 1231 1575 1267 motus
1607 1225 1706 1276 ille3
1743 1238 1850 1279 ergo

296 1303 472 1351 oportet
494 1296 618 1338 illum
643 1303 816 1338 motum
838 1296 974 1338 alium
1001 1309 1098 1337 esse
1120 1295 1165 1335 in
1187 1294 1283 1336 celo
1311 1295 1427 1337 ultra
1450 1302 1671 1339 octavum.

357 1367 473 1408 Item
495 1367 642 1420 arguit
664 1366 772 1407 illud
795 1366 913 1407 idem
943 1370 1125 1420 propter
1147 1364 1479 1418 simplicitatem
1510 1366 1692 1407 motoris
1720 1366 1849 1421 primi

297 1436 373 1490 qui
396 1442 461 1477 est
482 1436 524 1476 in
547 1435 633 1477 fine
654 1435 962 1490 simplicitatis,
984 1449 1089 1488 ergo
1114 1434 1310 1476 movebit
1332 1434 1513 1487 aliquod
1537 1448 1694 1488 corpus
1725 1441 1849 1477 motu

297 1505 486 1561 simplici
523 1512 568 1548 et
604 1506 745 1546 unico.
810 1504 891 1546 Set
927 1504 1011 1546 hoc
1049 1517 1136 1545 non
1177 1509 1243 1545 est
1276 1503 1456 1557 aliquod
1490 1504 1546 1545 de
1586 1510 1689 1546 octo
1731 1504 1847 1556 celis,
1870 1496 1929 1546 20⁷

297 1576 509 1629 quoniam
539 1575 686 1632 plures
718 1579 866 1616 motus
891 1580 992 1615 sunt
1025 1574 1069 1614 in
1100 1572 1297 1627 quolibet
1319 1587 1483 1614 eorum.
1550 1574 1663 1615 Item
1694 1581 1850 1616 natura

296 1650 362 1686 est
384 1645 615 1699 perspicua
637 1650 826 1692 tantum,
849 1650 895 1685 ut
919 1644 1048 1685 orbes
1081 1643 1401 1685 elementorum
1420 1658 1428 1693 ;
1463 1649 1508 1685 et
1539 1650 1695 1685 natura
1722 1644 1848 1685 lurni-

297 1727 404 1755 nosa
426 1721 469 1756 et
492 1714 737 1768 perspicua,
760 1721 809 1756 ut
831 1714 949 1755 orbis
971 1713 1053 1754 celi
1075 1713 1149 1766 qui
1172 1719 1238 1754 est
1271 1713 1529 1766 perspicuus
1553 1719 1681 1754 extra
1703 1712 1849 1754 locum

297 1783 436 1832 stelle,
467 1790 511 1825 et
539 1782 785 1824 luminosus
814 1788 988 1824 tantum
1022 1784 1065 1822 in
1097 1781 1194 1823 loco
1217 1781 1354 1831 stelle,
1381 1779 1386 1836 Ι
1416 1788 1465 1823 ut
1486 1781 1715 1836 Averroys
1742 1782 1848 1824 dicit

297 1853 490 1895 secundo
524 1851 615 1895 Celz'
642 1859 686 1893 et
714 1852 884 1893 Mundi
913 1858 957 1893 et
978 1851 1277 1894 verificabitur
1308 1851 1498 1892 inferius.
1562 1850 1850 1906 Quapropter
1871 1869 1909 1902 25

297 1923 380 1964 erit
413 1922 598 1963 tercium
631 1936 789 1976 corpus
820 1923 939 1976 quod
971 1921 1052 1963 erit
1084 1935 1163 1975 per
1190 1927 1335 1962 totum
1368 1919 1651 1972 luminosum,
1672 1927 1717 1963 et
1748 1921 1849 1963 ideo

297 1991 405 2033 dicit
425 1990 712 2044 Alpetragius
742 1991 895 2032 orbem
928 1989 1043 2032 ultra
1064 1997 1272 2032 octavum
1296 1989 1441 2031 celum
1464 2003 1559 2031 esse
1581 1989 1848 2031 luminosum

298 2074 374 2115 per
388 2067 545 2102 totum.
594 2061 709 2102 Item
725 2074 850 2114 spere
866 2060 1144 2113 planetarum
1162 2059 1327 2100 habent
1345 2058 1494 2113 plures
1513 2064 1672 2111 motus,
1695 2073 1848 2101 secun-

299 2131 406 2172 dum
421 2130 728 2182 Aristotelem,
743 2130 846 2184 quia
861 2129 1027 2170 habent
1041 2141 1177 2170 unum
1201 2130 1443 2182 proprium,
1459 2135 1503 2170 et
1518 2128 1652 2169 alium
1674 2142 1700 2169 a
1723 2134 1848 2170 motu

298 2201 416 2241 orbis
447 2199 696 2253 superioris.
781 2199 902 2253 Ergo
938 2198 1141 2246 similiter
1176 2204 1335 2240 octava
1371 2212 1498 2252 spera
1535 2199 1637 2240 ideo
1664 2198 1848 2240 haberet
1869 2214 1911 2246 30

298 2270 444 2324 plures
462 2276 624 2321 motus,
646 2269 749 2322 quia
771 2282 909 2310 unum
932 2283 957 2309 a
980 2282 1026 2311 se
1049 2275 1091 2310 et
1114 2268 1249 2310 aliurn
1267 2282 1293 2309 a
1315 2274 1439 2309 motu
1461 2267 1580 2309 orbis
1600 2267 1847 2321 superioris.

363 2395 609 2451 Capitulum
631 2396 809 2438 tercium
832 2395 908 2450 <an
929 2397 991 2438 sit
1011 2395 1222 2437 decz'mzmz
1243 2394 1407 2450 celum).

359 2477 419 2519 Et
450 2491 550 2518 cum
583 2477 667 2518 hoc
699 2477 753 2517 sit
785 2483 965 2527 certum,
988 2476 1090 2518 volo
1122 2475 1323 2517 similiter
1355 2473 1594 2516 certificare
1625 2474 1847 2516 decimum

297 2547 455 2588 celum.
539 2546 659 2587 Nam
703 2545 954 2587 Messalach
986 2546 1029 2586 in
1060 2545 1173 2587 libro
1213 2558 1293 2585 suo
1324 2544 1377 2584 de
1421 2544 1565 2585 causis
1594 2543 1710 2585 orbis
1740 2543 1847 2585 dicit

341 2671 361 2691 2
385 2659 683 2701 Methaphisice]
701 2659 720 2691 i.
740 2669 813 2699 cap.
840 2668 869 2698 5.
975 2669 995 2697 4
1019 2657 1312 2699 Methaphisice]
1332 2658 1376 2689 ix.
1394 2667 1414 2687 2
1432 2657 1465 2688 in
1484 2657 1565 2689 fine.
1668 2667 1709 2697 27
1733 2658 1846 2694 Alpe-

296 2712 457 2754 tragius]
475 2712 644 2744 Theorica
663 2712 681 2743 f.
700 2712 730 2743 8.
879 2722 921 2751 34
946 2713 1157 2743 Messalach
1179 2713 1226 2742 de
1251 2712 1375 2742 causis
1399 2709 1519 2751 orbis]
1546 2709 1565 2742 i.
1580 2720 1609 2742 e.
1635 2710 1678 2741 de
1703 2709 1847 2740 scientia

298 2769 409 2795 motus
425 2765 526 2805 orbis,
548 2763 772 2803 Nuremberg,
797 2773 890 2803 1504,
910 2763 971 2803 sig.
992 2763 1031 2795 C.
1052 2763 1097 2802 iij.
