1945 3079
139 1305 177 1337 O.
200 1314 238 1347 25
257 1305 288 1336 b.

140 1785 200 1817 106
217 1786 239 1817 b
260 1795 285 1817 1.

1041 49 1124 104 366

370 179 418 220 Si
458 186 606 220 tamen
648 177 863 219 obiciatur
897 176 1017 230 quod
1055 183 1161 218 tunc
1197 182 1312 218 esset
1350 182 1496 218 motus
1537 175 1759 216 circularis
1799 176 1860 217 eis

310 247 645 302 quodammodo
668 245 916 288 essencialis
939 245 1052 287 sicut
1070 244 1234 299 figura:
1268 245 1504 287 dicendum
1531 250 1598 286 est
1620 245 1741 298 quod
1759 257 1858 294 non,

311 317 414 372 quia
437 317 492 357 ad
517 325 721 358 naturam
749 328 900 356 eorum
927 313 1176 368 specificam
1207 327 1296 356 non
1327 315 1524 368 sequitur
1547 321 1694 356 motus
1722 314 1860 356 circu-

309 387 411 428 laris
435 387 546 428 sicut
569 385 718 440 figura,
735 398 813 425 nec
837 384 881 424 in
904 389 1120 438 quantum
1138 384 1389 425 continetur
1410 397 1436 424 a
1458 383 1565 432 celo,
1587 384 1690 437 quia
1712 389 1860 425 motus

309 455 531 497 circularis
557 454 756 508 sequitur
783 454 840 495 ad
871 453 1058 507 figuram
1087 452 1356 503 circularem,
1378 466 1463 506 que
1485 459 1589 502 nata
1611 459 1678 495 est
1699 452 1860 494 habere
1880 472 1897 503 5

309 525 640 566 inclinacionem
677 523 931 566 circularem
964 528 1008 563 et
1041 535 1129 564 non
1160 522 1217 563 ad
1249 522 1436 575 figuram
1478 521 1732 564 circularem
1775 536 1860 576 que

310 594 511 647 sequitur
532 594 589 635 ad
613 593 943 635 inclinacionem
962 597 1138 633 rectam.
1205 591 1265 632 Et
1282 591 1425 645 primo
1444 592 1578 633 modo
1596 598 1663 633 est
1682 592 1729 644 in
1751 592 1860 640 celo,

310 670 354 705 et
387 663 581 705 secundo
615 663 657 704 in
690 661 930 712 elementis,
954 668 997 703 et
1029 661 1128 702 ideo
1161 667 1307 702 motus
1339 660 1558 703 circularis
1591 674 1680 703 non
1712 667 1860 716 potest

309 747 403 775 esse
425 731 667 775 essencialis
689 732 931 773 elementis.

375 858 623 913 Capitulum
647 866 715 913 5¹1¹.
779 859 858 914 <de
879 859 1220 900 consideracione
1242 858 1482 912 mirabili).
1881 873 1922 896 10

373 951 609 993 Manifesta
656 951 789 1004 igitur
835 951 1104 1004 figuracione
1153 951 1383 1004 principali
1430 964 1663 1003 corporum
1706 949 1860 991 mundi

310 1022 518 1075 quinque,
541 1034 655 1062 nunc
672 1020 806 1074 juxta
834 1020 918 1061 hoc
939 1020 1043 1061 volo
1075 1021 1301 1073 quoddam
1335 1020 1530 1061 incidens
1556 1019 1860 1070 determinare,

309 1091 429 1144 quod
453 1090 554 1131 licet
576 1103 664 1131 non
686 1090 742 1131 sit
765 1091 819 1131 de
843 1089 1072 1144 principali
1102 1088 1362 1139 intencione,
1394 1094 1544 1130 tamen
1572 1089 1615 1130 in
1646 1088 1859 1142 majorem

308 1160 651 1201 admiracionem
693 1158 1066 1212 contemplatores
1104 1158 1197 1212 ejus
1238 1158 1419 1199 adducit
1462 1171 1596 1211 quam
1640 1158 1858 1200 intentum

307 1229 561 1283 principale,
587 1235 631 1270 et
653 1229 752 1270 ideo
774 1229 960 1281 dignum
982 1233 1049 1269 est
1071 1228 1164 1269 fieri
1186 1228 1242 1269 de
1263 1227 1348 1269 hoc
1364 1227 1766 1269 consideracionem
1787 1241 1796 1278 ;
1815 1234 1858 1270 et
1879 1245 1918 1278 15

307 1299 459 1340 incidit
482 1297 587 1340 illud
603 1297 736 1351 juxta
763 1295 768 1352 1
798 1297 1107 1350 figuracionem
1126 1310 1251 1351 aque,
1275 1302 1319 1338 et
1341 1303 1406 1338 est
1423 1297 1523 1347 tale,
1538 1296 1714 1349 scilicet,
1736 1297 1856 1350 quod

305 1369 348 1408 in
383 1368 480 1410 loco
517 1367 706 1409 inferiori
748 1367 846 1421 plus
884 1366 1047 1421 poterit
1089 1381 1166 1408 vas
1198 1381 1354 1421 capere
1390 1381 1523 1421 quam
1558 1366 1601 1409 in
1635 1367 1856 1421 superiori.

311 1437 430 1478 Nam
454 1438 598 1491 posito
620 1450 724 1478 vase
745 1437 915 1489 sperico
938 1442 986 1477 ut
1008 1436 1139 1491 cipho
1155 1436 1225 1478 vel
1239 1437 1338 1489 alio,
1354 1438 1396 1477 in
1412 1451 1501 1490 quo
1523 1451 1638 1491 aqua
1651 1437 1858 1478 fundatur

310 1506 352 1546 in
375 1512 561 1560 utroque
584 1506 679 1547 1000
706 1506 821 1547 ultra
839 1506 1121 1558 dyametrum
1149 1506 1265 1560 ciphi
1288 1513 1502 1559 quantum
1521 1512 1667 1561 potest
1689 1520 1857 1560 capere,

308 1576 457 1630 porcio
479 1590 592 1629 aque
614 1589 699 1629 que
722 1575 983 1616 terminatur
1000 1576 1056 1616 ad
1081 1576 1293 1616 terminos
1311 1576 1528 1628 dyametri
1547 1576 1625 1617 erit
1649 1576 1793 1630 major
1813 1582 1858 1617 et
1878 1597 1918 1619 20

307 1642 442 1683 alcior
463 1649 506 1683 et
528 1643 756 1697 gibbosior
778 1643 820 1683 in
844 1642 942 1684 loco
964 1643 1153 1683 inferiori
1176 1656 1309 1696 quam
1334 1643 1376 1683 in
1399 1643 1623 1697 superiori.
1671 1643 1790 1684 Nam
1813 1643 1858 1683 in

309 1712 406 1753 loco
430 1712 616 1753 inferiori
636 1712 709 1753 illa
732 1712 882 1766 porcio
904 1713 987 1753 erit
1009 1713 1158 1767 porcio
1175 1713 1354 1753 minoris
1375 1727 1501 1766 spere
1521 1713 1633 1754 circa
1656 1718 1856 1754 centrum

309 1783 477 1830 mundi,
511 1789 554 1824 et
587 1783 630 1822 in
669 1782 765 1824 loco
799 1782 1013 1836 superiori
1051 1782 1132 1823 erit
1162 1781 1166 1835 Ι
1194 1783 1343 1835 porcio
1382 1782 1559 1835 majoris
1590 1796 1716 1836 spere
1745 1783 1858 1824 circa

307 1852 425 1892 idem
457 1859 657 1893 centrum
691 1852 856 1902 mundi,
895 1865 1000 1906 ergo
1032 1866 1109 1905 per
1147 1852 1251 1890 28ΜΠ
1292 1850 1332 1891 T
1330 1850 1632 1905 rz'angulorum
1660 1851 1855 1905 Jordani,

306 1935 392 1974 que
428 1927 507 1971 est,
548 1922 665 1975 quod
707 1922 750 1961 in
786 1922 957 1962 circulis
999 1921 1274 1975 inequalibus
1316 1921 1472 1962 eadem
1514 1921 1647 1962 corda
1688 1927 1856 1962 resecat
1876 1937 1914 1970 25

307 1990 519 2044 majorem
542 1991 797 2044 porcionem
820 1992 876 2032 de
900 1991 1066 2031 minore
1088 1990 1263 2040 circulo,
1288 1997 1331 2031 et
1358 1991 1574 2032 minorem
1598 1991 1654 2032 de
1675 1990 1854 2044 majore,

305 2060 536 2114 dyameter
565 2074 669 2114 ergo
706 2060 776 2101 cifi
809 2060 1024 2102 resecabit
1056 2060 1271 2114 majorem
1297 2055 1548 2113 porcionem
1582 2061 1636 2101 de
1667 2073 1780 2114 aqua
1810 2060 1853 2100 in

307 2129 405 2170 loco
428 2130 626 2181 inferiori,
644 2144 749 2185 ergo
769 2130 865 2183 plus
889 2130 1085 2184 capietur
1107 2131 1164 2171 de
1193 2144 1308 2183 aqua
1331 2145 1356 2171 a
1379 2131 1612 2183 dyametro
1630 2143 1768 2183 usque
1796 2130 1853 2171 ad

305 2198 706 2240 circumferenciam
748 2213 994 2241 convexam
1039 2199 1153 2248 illius
1196 2199 1415 2253 porcionis
1434 2199 1492 2239 rin
1524 2198 1713 2240 inferiori
1756 2199 1853 2240 loco
1907 2220 1910 2223 ⁴

304 2280 436 2320 quam
461 2269 503 2308 in
525 2269 763 2322 superiore.
817 2268 966 2322 Quare
988 2268 1144 2322 ciphus
1165 2268 1326 2322 poterit
1353 2268 1452 2322 plus
1474 2274 1630 2322 capere
1650 2268 1721 2309 vel
1750 2281 1853 2309 con·
1873 2285 1915 2317 30

305 2337 443 2377 tinere
480 2338 536 2377 de
578 2351 692 2390 aqua
734 2339 913 2391 quando
955 2337 1131 2378 inferius
1173 2340 1241 2380 est
1274 2351 1407 2391 quarn
1442 2338 1622 2391 quando
1658 2336 1854 2379 elevatur

352 2460 393 2480 10
416 2449 478 2480 See
496 2450 559 2490 Op.
581 2450 663 2492 Maj.
686 2450 851 2490 (Bridges
868 2451 888 2482 i.
912 2452 1001 2491 158).
1137 2462 1179 2491 24
1204 2453 1497 2489 'triangulorum
1513 2451 1676 2493 Jordani]
1693 2452 1739 2484 iii.
1754 2462 1775 2492 3
1795 2452 1853 2484 ‘Si

303 2500 397 2531 linee
422 2501 561 2540 equales
583 2501 619 2532 in
642 2502 778 2532 circulis
801 2502 1016 2541 inequalibus
1037 2512 1146 2544 arcus⁴
1160 2507 1329 2543 resecant,
1352 2503 1396 2534 de
1419 2503 1538 2534 maiori
1561 2504 1727 2535 minorem
1750 2508 1785 2535 et
1809 2504 1851 2535 de

304 2553 429 2583 minori
448 2553 609 2584 maiorem
628 2552 848 2584 resecabunt'
869 2554 937 2595 (ed.
957 2554 1090 2595 (1887).

347 2657 366 2676 2
389 2646 659 2688 quodammodo]
675 2647 868 2678 alicomodo
887 2646 918 2677 Ο
1021 2658 1040 2686 4
1065 2647 1275 2689 continetur]
1294 2649 1514 2679 continentur
1532 2648 1563 2680 Ο
1652 2650 1716 2690 6-7
1741 2650 1850 2681 circu-

304 2698 409 2730 larem
424 2703 478 2730 et.
497 2723 504 2731 .
523 2723 531 2731 .
549 2698 812 2731 inclinacionem
826 2709 891 2730 om.
909 2699 952 2729 M
1040 2709 1077 2738 14
1103 2699 1193 2741 ejus]
1210 2709 1291 2731 suos
1310 2699 1340 2731 Ο
1436 2711 1475 2740 19
1499 2701 1676 2743 quantum]
1694 2712 1793 2742 quam
1811 2701 1852 2732 M

303 2761 343 2789 24
370 2751 484 2782 mundi
500 2761 569 2783 om.
590 2751 620 2782 Ο
754 2753 861 2792 28—29
885 2762 967 2791 ergo
988 2776 994 2782 .
1014 2776 1019 2781 .
1037 2776 1044 2784 .
1066 2752 1142 2783 loco
1159 2763 1223 2783 om.
1244 2751 1286 2782 M
1416 2762 1460 2791 30
1483 2763 1606 2793 capere
1623 2754 1677 2785 vel
1694 2764 1760 2786 om.
1782 2753 1813 2784 Ο
