1945 3079
131 1300 191 1334 107
211 1303 230 1324 a
250 1303 277 1325 2.

120 1990 162 2023 Ο.
183 1996 222 2031 27
240 1991 273 2023 b.

1039 62 1122 106 370

305 168 347 207 in
385 167 468 208 hoc
503 173 714 220 tempore,
744 179 794 207 eo
828 165 946 219 quod
983 171 1129 207 totum
1162 179 1322 220 corpus
1355 167 1435 208 celi
1469 166 1718 218 revolvitur,
1751 180 1855 221 ergo

304 236 501 290 spacium
535 235 752 277 infinitum
787 235 1123 290 pertransiretur
1154 235 1196 276 in
1230 242 1433 290 tempore
1465 237 1604 288 finito,
1635 238 1755 290 quod
1789 239 1854 278 in-

305 305 515 358 possibile
540 312 618 346 est.

363 375 411 416 Si
450 376 622 416 dicatur
654 376 776 430 quod
808 376 892 417 hoc
929 377 1181 430 inpossibile
1213 382 1278 417 est
1310 377 1461 418 virtuti
1499 377 1632 427 finite,
1667 383 1733 418 set
1766 391 1853 419 non

302 445 469 486 infinite
487 460 496 497 ;
528 452 680 486 contra
698 445 781 486 hoc
798 452 864 487 est
887 447 1007 499 quod
1023 446 1161 487 virtus
1180 445 1350 487 infinita
1367 446 1460 500 agit
1483 446 1525 486 in
1548 446 1746 502 instanti,
1765 459 1853 487 non
1874 461 1892 494 5

302 515 344 555 in
387 521 599 568 tempore,
634 520 683 556 ut
728 512 997 557 Aristoteles
1034 516 1166 557 docet
1202 516 1246 556 in
1283 521 1442 556 octavo
1478 515 1772 563 Plzz'sz'cormn,
1809 521 1854 557 et

301 584 483 638 planum
502 591 567 626 est
590 598 648 625 ex
666 590 795 626 sexto
813 584 1091 626 Plzisz'cormn
1110 585 1214 638 quia
1230 585 1374 626 omnis
1390 585 1527 626 virtus
1549 584 1674 626 finita
1696 585 1788 639 agit
1810 585 1854 626 in

301 660 515 708 tempore.
579 653 627 695 Si
670 668 775 708 ergo
817 655 955 695 virtus
997 654 1167 695 infinita
1207 660 1358 708 ageret
1400 653 1445 694 in
1488 642 1701 708 tempore,
1740 660 1854 696 esset

300 723 647 777 proporcionalis
684 723 836 766 virtuti
874 723 1006 774 finite,
1046 724 1159 765 sicut
1196 737 1328 765 omne
1369 729 1547 778 tempus
1584 722 1758 765 finitum
1795 723 1853 765 ad

302 793 473 834 finitum
508 793 701 846 aliquod.
767 792 845 835 Set
880 792 991 834 finiti
1023 793 1079 834 ad
1107 792 1326 834 infinitum
1358 792 1478 834 nulla
1510 799 1576 834 θεῖ
1606 793 1852 847 proporcio,
1874 808 1915 832 10

300 870 347 904 ut
370 877 524 905 omnes
548 863 753 905 fatentur.

362 933 476 973 Item
504 938 742 986 postquam
774 945 934 987 corpus
971 933 1155 974 celi‘est
1190 932 1424 984 infinitum,
1455 947 1561 987 ergo
1594 933 1632 974 ei
1665 933 1853 974 debetur

298 1003 497 1055 spacium
536 1002 768 1054 infinitum,
807 1017 912 1056 ergo
949 1008 1126 1056 oportet
1163 1003 1285 1056 quod
1324 1008 1519 1043 transeat
1555 1003 1754 1056 spacium
1789 1003 1853 1044 in-

298 1071 472 1112 finitum
515 1072 549 1111 si
591 1071 843 1113 revolvatur
884 1085 910 1112 a
950 1077 1117 1125 puncto
1154 1071 1195 1111 in
1232 1076 1457 1125 punctum.
1523 1070 1611 1112 Sed
1650 1072 1850 1125 spacium

297 1140 518 1183 infinitum
559 1154 645 1182 non
683 1147 830 1195 potest
869 1141 1040 1182 transiri
1077 1155 1154 1194 per
1189 1140 1506 1182 diffinicionem
1539 1140 1718 1191 infiniti,·
1745 1155 1849 1185 nam
1872 1161 1911 1194 15

298 1210 518 1252 infinitum
550 1218 616 1252 est
642 1211 764 1264 quod
792 1211 963 1252 transiri
992 1225 1080 1252 non
1110 1217 1270 1264 potest,
1294 1216 1338 1251 et
1372 1211 1496 1265 cujus
1522 1211 1818 1264 quantitatem
1844 1210 1849 1266 Ι

296 1280 528 1333 accipienti
556 1294 730 1333 semper
759 1287 824 1322 est
851 1279 1017 1334 aliquid
1046 1280 1244 1334 accipere
1275 1286 1415 1331 extra,
1446 1294 1553 1334 ergo
1582 1293 1668 1321 non
1700 1286 1850 1334 potest

296 1350 436 1404 accipi
455 1363 534 1390 nec
551 1349 818 1404 pertransiri.
881 1349 959 1391 Set
981 1351 1179 1404 spacium
1197 1350 1358 1392 celeste
1375 1349 1690 1403 pertransitur:
1726 1364 1848 1405 ergo,

295 1434 384 1461 non
406 1426 471 1461 est
494 1419 728 1461 infinitum.

357 1490 471 1531 Item
504 1496 667 1531 exeant
700 1504 725 1530 a
757 1496 910 1532 centro
940 1490 1021 1532 celi
1051 1490 1137 1531 due
1167 1490 1280 1532 linee
1307 1490 1351 1531 in
1377 1489 1598 1532 infinitum
1622 1490 1664 1531 in
1688 1504 1848 1546 corpus
1869 1509 1910 1532 πο

296 1559 390 1610 celi,
414 1560 496 1600 iste
518 1565 686 1612 quanto
710 1559 850 1614 magis
873 1565 1141 1614 separantur,
1166 1566 1292 1601 tanto
1316 1560 1456 1614 magis
1478 1560 1718 1609 distabunt,
1741 1573 1847 1614 ergo

296 1642 395 1670 cum
422 1635 679 1683 separantur
708 1635 808 1670 actu
841 1629 883 1669 in
914 1628 1147 1679 infinitum,
1171 1630 1204 1670 si
1232 1643 1391 1683 corpus
1414 1629 1493 1671 celi
1517 1636 1583 1670 est
1607 1629 1844 1680 infinitum,

294 1699 375 1739 erit
408 1698 594 1740 actualis
626 1699 841 1740 distancia
875 1699 987 1739 inter
1018 1713 1092 1740 eas
1124 1699 1306 1741 infinita.
1371 1699 1451 1741 Set
1485 1700 1529 1740 in
1566 1700 1846 1742 revolucione

293 1766 373 1808 celi
396 1767 442 1808 A
471 1767 584 1809 linea
610 1768 808 1821 pervenit
841 1769 897 1809 ad
929 1767 1075 1809 locum
1108 1768 1143 1808 B
1171 1768 1295 1820 linee,
1329 1783 1382 1810 eo
1414 1769 1532 1822 quod
1567 1769 1678 1811 redit
1709 1769 1755 1810 A
1787 1770 1845 1810 ad

291 1837 484 1890 seipsum
518 1838 560 1877 in
592 1843 687 1878 tota
720 1836 1011 1888 revolucione,
1033 1851 1138 1892 ergo
1160 1839 1205 1879 A
1234 1838 1348 1879 linea
1380 1837 1616 1892 pertransit
1647 1838 1845 1891 spacium
1867 1858 1906 1892 25

293 1906 513 1947 infinitum
543 1907 722 1961 quando
750 1907 872 1949 venit
903 1909 959 1949 ad
991 1908 1138 1949 locum
1167 1908 1202 1948 B
1230 1907 1356 1958 linee,
1380 1914 1423 1949 et
1452 1908 1513 1949 sic
1542 1906 1751 1949 infinicies
1780 1908 1843 1949 in-

293 1974 462 2016 finitum
486 1977 764 2030 pertransibit
785 1977 983 2031 spacium
1006 1977 1226 2019 infinitum
1247 1975 1252 2033 Ι
1273 1979 1316 2018 in
1340 1991 1425 2019 una
1448 1977 1529 2019 celi
1552 1977 1844 2029 revolucione,

294 2059 345 2086 eo
368 2046 487 2099 quod
512 2059 537 2086 a
560 2052 710 2087 centro
731 2055 917 2100 possunt
940 2046 1052 2088 linee
1070 2048 1170 2089 duci
1196 2047 1406 2088 infinicies
1428 2046 1497 2088 vel
1526 2060 1626 2098 non,
1649 2053 1716 2088 tot
1738 2047 1844 2101 quin

294 2114 439 2168 plures
459 2129 467 2166 ;
500 2121 566 2156 set
588 2115 668 2158 hec
695 2122 796 2157 sunt
822 2115 1051 2158 manifeste
1073 2116 1358 2170 inpossibilia.

352 2185 468 2226 Item
497 2186 532 2227 si
562 2199 720 2240 corpus
750 2186 830 2227 celi
861 2193 927 2228 est
957 2185 1192 2237 infinitum,
1215 2187 1403 2228 ducatur
1429 2185 1544 2231 linea
1571 2183 1740 2226 infinita
1761 2199 1842 2240 pro
1864 2204 1906 2237 30

292 2255 425 2296 corda
462 2261 662 2308 respectu
697 2269 822 2296 arcus
860 2245 1081 2298 orientalis
1117 2256 1159 2296 in
1196 2254 1306 2306 celo,
1339 2262 1382 2297 et
1419 2255 1474 2296 sit
1500 2255 1602 2296 ·AH
1638 2254 1766 2305 linea,
1799 2261 1842 2296 et

333 2428 354 2457 6
379 2425 636 2467 Phisieorum]
654 2426 722 2457 viii.
742 2427 781 2464 78
801 2437 876 2466 sqq.
1214 2439 1230 2467 7
1258 2428 1512 2470 Phisieorum]
1532 2428 1576 2459 vi.
1595 2429 1648 2467 36.

336 2603 353 2632 7
379 2592 495 2634 sexto]
513 2595 551 2632 3⁰
571 2592 602 2623 Ο
677 2593 773 2634 quia]
792 2594 884 2633 quod
902 2593 943 2623 M
1053 2604 1074 2633 9
1098 2599 1234 2635 tempus
1248 2605 1314 2626 om.
1334 2594 1376 2624 M
1504 2605 1544 2626 10
1567 2594 1703 2636 aliquod
1721 2606 1788 2627 om.
1810 2595 1842 2626 O

293 2655 332 2684 13
356 2646 526 2687 transeat]
556 2650 770 2686 pertranseat
797 2645 828 2676 O
987 2656 1035 2686 15,
1066 2648 1105 2676 16
1128 2646 1282 2688 transiri]
1307 2646 1505 2686 pertransiri
1533 2646 1564 2677 O
1740 2649 1779 2678 16
1805 2653 1840 2679 et

292 2708 358 2728 om,
377 2698 417 2728 M
544 2708 581 2737 17
605 2698 780 2739 accipere]
801 2709 936 2730 sumere
955 2698 986 2729 O
1134 2700 1178 2729 26
1203 2699 1372 2730 infinitum
1389 2699 1446 2729 alt.
1469 2709 1536 2730 om.
1557 2699 1588 2730 O
1720 2709 1761 2738 27
1787 2698 1839 2740 in]

291 2749 384 2780 etM
