1945 3079
831 102 911 140 441

102 203 370 246 refleccionis
402 210 446 245 et
468 204 756 246 involucionis
779 204 1057 257 epiciclorum
1079 203 1263 245 Veneris
1291 209 1334 245 et
1358 203 1575 254 Mercurii,
1599 210 1642 245 et

102 274 158 314 de
182 278 303 313 motu
327 272 537 313 reflexivo
566 274 705 314 eciam
728 286 907 313 suorum
935 273 1251 314 ecentricorum
1282 279 1325 314 et
1347 273 1485 313 eciam
1509 274 1640 328 epici-

101 341 268 382 clorum
291 342 421 382 trium
446 341 720 396 planetarum
744 342 1027 395 superiorum.
1082 341 1304 395 Quoniam
1329 342 1470 383 omnis
1495 348 1641 383 motus

100 424 335 464 corporum
368 410 595 451 celestium
629 416 695 452 est
723 412 955 452 continuus
979 418 1023 451 et
1053 418 1304 465 perpetuus,
1328 418 1375 451 ut
1398 412 1641 452 ostenditur

63 498 81 530 5
103 479 147 519 8⁰
167 479 458 520 Plzz'sz‘corum.
521 478 598 520 Set
627 479 770 520 nullus
799 486 944 520 motus
974 479 1208 521 reflexivus
1241 487 1308 521 est
1330 481 1574 530 continuus,
1597 486 1641 520 et

101 549 264 590 ibidem
307 549 489 590 docetur
511 564 520 598 ς
571 549 707 589 immo
752 550 923 590 accidet
966 549 1089 602 quies
1136 549 1408 590 intermedia.
1492 548 1640 602 Quare

101 618 286 671 predicti
310 623 466 665 motus,
490 631 589 657 cum
612 618 697 658 sint
720 631 871 658 omnes
893 617 1103 668 reflexivi,
1133 630 1219 659 non
1241 624 1342 658 sunt
1365 617 1605 672 possibiles.

163 705 410 759 Capitulum
436 706 560 756 (16⁰³.
623 705 673 746 de
699 706 930 747 altitudine
942 705 1270 760 planetarum).

160 785 286 827 Licet
308 791 456 827 autem
483 786 564 827 hec
592 786 768 839 objecta
796 786 1028 827 videantur
1050 786 1364 826 astronomiam
1391 785 1639 826 Ptholomei

42 877 81 899 10
100 856 335 908 destruere,
385 861 535 896 tamen
586 861 689 896 sunt
736 853 975 895 difficilime
1026 855 1221 895 raciones
1272 854 1639 908 experimentales

101 925 254 978 ipsam,
287 929 502 977 quantum
536 924 591 964 ad
619 923 888 977 posicionem
921 923 1234 965 ecentricorum
1256 923 1324 964 vel
1348 923 1639 977 epiciclorum,

99 993 433 1043 confirmantes;
478 1006 664 1045 quarum
703 1006 790 1033 una
825 992 1014 1033 sumitur
1050 1007 1107 1033 ex
1149 992 1448 1034 uniformitate
1489 994 1639 1046 plane-

99 1070 258 1113 tarum,
285 1061 289 1116 Ι
319 1069 363 1104 et
391 1062 473 1103 hac
502 1062 674 1103 racione
699 1075 802 1102 usus
829 1068 893 1102 est
924 1061 1210 1103 Ptholomeus
1239 1062 1293 1102 ad
1318 1062 1639 1103 ostendendum
1663 1082 1723 1114 129
1740 1084 1759 1104 a
1778 1083 1805 1104 π.

99 1132 340 1173 ecentricos
356 1131 423 1172 vel
447 1131 662 1185 epiciclos,
687 1131 778 1184 ejus
801 1131 1089 1185 pertractacio
1111 1137 1234 1184 patet
1257 1145 1313 1171 ex
1336 1131 1589 1185 prehabitis.

42 1219 79 1250 15
159 1201 390 1242 Difficilius
427 1207 574 1241 autem
612 1206 759 1254 potest
791 1201 914 1253 argui
947 1201 1002 1241 ad
1041 1200 1157 1241 idem
1195 1200 1373 1254 planeta
1404 1200 1640 1253 aliquando

101 1270 240 1323 magis
269 1269 611 1323 approximatur
643 1275 770 1317 terre,
804 1268 1040 1323 aliquando
1071 1270 1225 1310 minus.
1290 1269 1349 1309 Et
1372 1283 1471 1310 cum
1495 1276 1641 1310 motus

99 1352 331 1394 corporum
342 1339 568 1379 celestium
579 1338 635 1379 sit
649 1339 879 1388 circularis,
894 1345 936 1380 et
952 1353 1028 1392 per
1043 1346 1213 1380 motum
1232 1338 1367 1379 talem
1384 1351 1470 1380 non
1479 1339 1639 1391 poterit

99 1409 160 1450 sic
168 1408 462 1449 diversimode
476 1407 654 1461 planeta
667 1414 779 1449 terre
793 1407 1196 1462 approximari,nisi
1211 1407 1499 1448 describendo
1509 1407 1641 1448 circu-

97 1477 188 1519 lum
205 1477 328 1531 cujus
343 1483 541 1519 centrum
558 1490 646 1518 non
661 1477 717 1518 sit
732 1482 929 1517 centrum
950 1476 1114 1528 mundi,
1129 1483 1172 1517 et
1186 1475 1440 1529 hujusmodi
1456 1475 1640 1516 circulus

39 1563 79 1586 20
98 1547 168 1588 vel
191 1546 386 1588 includet
408 1555 604 1587 centrum
622 1546 788 1594 mundi,
804 1552 848 1587 et
865 1552 1048 1587 vocatur
1064 1545 1317 1594 ecentricus‚
1335 1545 1401 1586 vel
1423 1545 1642 1596 excludet,

75 1660 78 1664 ,
99 1629 186 1656 non
199 1616 421 1657 excedens
435 1616 587 1656 orbem
603 1615 792 1669 planete,
807 1622 850 1656 et
864 1621 1048 1656 vocatur
1062 1614 1269 1667 epiciclus
1286 1627 1295 1663 3
1319 1628 1431 1664 cum,
1451 1614 1643 1667 inquam,

99 1685 160 1726 ita
183 1684 324 1736 fuerit,
348 1685 590 1726 necessaria
613 1690 678 1725 est
700 1684 866 1737 posicio
889 1684 1207 1725 ecentricorum
1230 1682 1298 1724 vel
1321 1682 1610 1737 epiciclorum.

157 1753 290 1808 Quod
332 1761 481 1795 autem
526 1754 704 1807 planeta
753 1753 1059 1803 diversimode,
1101 1759 1150 1793 ut
1190 1752 1356 1793 dictum
1408 1759 1487 1802 est,
1529 1758 1642 1793 terre

98 1824 448 1878 approximetur,
463 1823 660 1876 pluribus
681 1822 927 1863 racionibus
945 1820 1368 1873 experimentalibus
1385 1821 1641 1862 ostenditur.

39 1902 78 1934 ²5
101 1893 160 1934 Et
178 1894 324 1946 primo
343 1906 421 1947 per
435 1891 733 1933 diversitatem
752 1897 955 1944 aspectus
979 1890 1106 1931 Lune
1127 1903 1212 1943 que
1234 1889 1277 1930 in
1296 1890 1453 1930 eodem
1478 1896 1641 1944 puncto

97 1962 295 2016 ejusdem
313 1960 458 2003 circuli
478 1960 783 2009 meridionalis,
799 1960 1070 2014 quandoque
1087 1958 1220 1999 habet
1239 1959 1448 2012 majorem
1463 1958 1642 1999 diversi-

97 2038 234 2073 tatem
259 2038 463 2085 aspectus
486 2031 528 2070 in
552 2030 796 2082 latitudine,
818 2036 861 2070 et
883 2029 1149 2082 quandoque
1173 2028 1399 2079 minorem,
1417 2028 1502 2069 situ
1526 2028 1640 2080 aspi-

97 2101 250 2143 cientis
279 2114 367 2142 non
400 2105 585 2142 mutato.
652 2099 751 2140 Hoc
782 2105 932 2140 autern
962 2111 1051 2138 non
1081 2104 1233 2151 posset
1256 2111 1362 2148 esse,
1384 2098 1464 2137 nisi
1488 2098 1530 2137 in
1554 2110 1642 2138 uno

97 2176 298 2224 tempore
322 2170 461 2223 magis
482 2169 746 2210 vicinaretur
767 2174 894 2216 terre,
911 2181 1012 2208 cum
1036 2167 1267 2208 diversitas
1288 2172 1491 2221 aspectus
1514 2166 1643 2208 fuerit

38 2259 80 2290 30
99 2239 265 2292 major;
298 2246 342 2281 et
364 2240 406 2280 in
428 2239 515 2280 alio
536 2246 737 2293 tempore
760 2239 917 2288 minus,
941 2251 1040 2278 cum
1064 2237 1158 2290 ipsa
1179 2237 1306 2278 fuerit
1331 2236 1481 2278 minor.

158 2309 284 2349 Idem
307 2309 480 2350 videtur
501 2322 579 2362 per
601 2307 796 2362 eclipsim
818 2307 1028 2353 lunarem,
1050 2306 1260 2359 quoniam
1280 2305 1407 2346 Luna
1425 2306 1467 2346 in
1486 2305 1641 2346 eadem

99 2379 315 2420 distancia
337 2378 394 2419 ab
416 2392 502 2418 axe
521 2378 675 2418 umbre
697 2383 810 2417 terre
829 2375 1112 2430 piramidalis,
1134 2375 1202 2416 vel
1225 2375 1361 2416 eciam
1386 2376 1577 2416 existens
1600 2375 1642 2414 in

100 2448 228 2498 nodo,
246 2454 291 2488 et
313 2449 373 2489 ita
396 2447 608 2488 transiens
630 2460 707 2501 per
721 2460 851 2487 axem
876 2445 1043 2498 umbre,
1064 2444 1304 2497 aliquando
1325 2444 1423 2499 plus
1447 2450 1644 2485 moratur

100 2517 143 2565 in
177 2517 346 2568 umbra,
374 2516 612 2570 aliquando
649 2517 818 2565 minus;
864 2515 997 2567 quod,
1035 2520 1083 2555 ut
1123 2514 1308 2564 videtur,
1351 2526 1438 2554 non
1480 2512 1644 2566 poterit

38 2603 77 2635 35
99 2586 279 2634 causari,
312 2585 395 2626 nisi
429 2586 532 2639 quia
567 2585 665 2640 plus
702 2585 757 2625 de
793 2585 948 2625 umbra
981 2582 1214 2636 pertransit
1248 2583 1292 2623 in
1325 2595 1412 2623 uno
1444 2588 1644 2636 tempore

99 2668 233 2708 quam
257 2656 301 2696 in
317 2655 417 2697 alio.
466 2656 526 2696 Et
543 2669 643 2696 cum
667 2655 824 2695 umbra
847 2652 975 2694 fuerit
997 2651 1284 2706 pyramidalis
1311 2651 1318 2707 Ι
1346 2650 1497 2705 figure,
1519 2650 1642 2704 cujus
1665 2661 1727 2695 129
1742 2651 1764 2684 b
1784 2660 1811 2684 1·

98 2724 214 2766 basis
248 2730 315 2765 est
352 2730 476 2774 terra,
512 2738 611 2765 cum
649 2723 948 2779 pertransierit
984 2722 1083 2777 plus
1117 2722 1172 2762 de
1207 2721 1373 2773 umbra,
1412 2722 1492 2762 erit
1530 2725 1643 2762 terre

116 2845 119 2848 Α
141 2814 160 2844 5
185 2805 439 2845 Phisieorum]
457 2804 524 2835 viii.
545 2805 595 2835 61.
