1945 3079
288 146 573 194 occidentem,
605 156 704 183 cum
728 142 812 183 sint
835 141 878 182 in
902 142 1095 183 diversas
1124 146 1285 195 partes,
1310 139 1508 181 ordinem
1525 152 1611 181 non
1633 138 1838 181 videntur

288 215 464 255 habere.

351 284 479 333 Item,
503 281 538 322 si
554 281 648 335 ejus
678 280 789 322 tales
820 287 967 321 motus
984 279 1113 334 primi
1132 281 1219 321 duo
1242 279 1340 331 sint,
1356 281 1468 322 sicut
1484 285 1631 320 motus
1657 279 1712 320 ad
1729 277 1840 320 occi-

290 354 470 394 dentem
508 352 582 392 uni
620 349 791 404 corpori
826 350 1147 404 appropriatur,
1179 355 1222 390 θῖ
1259 363 1336 402 per
1374 349 1467 403 ejus
1501 349 1710 390 virtutem
1745 348 1841 388 aliis

289 421 654 471 communicatur,
669 418 868 460 similiter
883 432 1058 459 necesse
1073 424 1138 459 θεῖ
1153 431 1315 473 ponere
1329 419 1385 459 de
1402 424 1524 459 motu
1539 417 1595 459 ad
1611 417 1840 468 orientem,
1858 434 1877 468 5

290 492 325 532 si
360 491 416 532 sit
451 490 631 544 primus.
694 489 798 530 Non
832 488 947 529 enim
981 487 1138 529 dicitur
1172 487 1265 541 ejus
1300 487 1500 541 primitas
1532 477 1713 540 propter
1744 486 1839 527 uni-

291 560 588 601 versalitatem
607 559 700 612 ejus
717 558 918 611 logicam,
937 571 1038 600 cum
1061 558 1116 599 de
1138 556 1214 599 tali
1238 570 1325 597 non
1348 556 1596 598 consideret
1617 568 1696 596 nec
1718 561 1842 597 curet

293 628 646 670 mathematicus
707 626 755 669 Si
798 633 946 668 autem
989 627 1046 668 sit
1091 640 1246 679 corpus
1288 625 1449 667 celeste
1486 625 1554 667 eui
1597 618 1743 666 motus
1784 624 1842 666 ad

293 699 507 740 orientem
524 696 845 752 appropriatur,
865 703 907 737 et
926 697 1053 738 orbes
1071 695 1144 736 alii
1161 695 1385 736 inferiores
1402 708 1479 748 per
1499 694 1614 736 illius
1630 694 1840 735 virtutem

293 768 350 810 ad
383 767 502 808 illam
537 772 708 821 partem
741 766 957 816 incedant,
980 779 1156 806 necesse
1185 771 1251 806 est
1280 758 1433 806 omnes
1464 764 1590 805 orbes
1619 763 1842 804 inferiores
1863 777 1904 800 10

295 851 427 891 super
455 837 635 877 eosdem
658 835 786 889 polos
809 834 884 875 illo
909 841 1030 876 motu
1055 834 1231 876 moveri.
1313 833 1392 875 Set
1415 846 1568 873 omnes
1589 838 1690 874 sunt
1712 845 1843 886 super

296 907 507 957 diversos,
528 910 572 946 et
603 918 691 945 non
720 910 822 945 sunt
854 918 985 957 super
1013 903 1140 957 polos
1168 903 1348 953 zodiaci,
1372 902 1454 943 nisi
1478 908 1626 943 motus
1649 900 1765 943 Solis
1798 907 1842 942 θῖ

295 981 449 1016 octave
472 987 598 1028 spere
620 973 861 1014 secundum
888 972 1212 1014 Ptholomeum.

357 1044 485 1092 Item,
517 1043 553 1083 si
595 1049 708 1083 esset
744 1042 871 1083 alicui
908 1042 1001 1083 orbi
1036 1041 1357 1096 appropriatus,
1389 1041 1564 1082 videtur
1597 1040 1716 1095 quod
1750 1040 1844 1081 orbi

295 1113 523 1155 stellarum
566 1112 769 1162 fixarum,
805 1111 874 1152 vel
917 1111 989 1152 alii
1029 1111 1254 1166 superiori.
1324 1109 1404 1153 Set
1445 1124 1532 1152 non
1578 1115 1726 1164 potest
1767 1123 1842 1164 ap·
1867 1127 1905 1160 15

296 1182 510 1236 propriari
529 1182 624 1223 orbi
642 1180 870 1222 stellarum
889 1180 1092 1230 fixarum,
1108 1181 1212 1235 quia
1235 1181 1379 1221 omnis
1401 1186 1467 1222 est
1490 1186 1637 1222 motus
1652 1179 1845 1221 velocior

296 1253 340 1292 in
374 1252 449 1293 illo
484 1265 678 1305 corpore,
711 1257 787 1291 aut
829 1251 1034 1305 primitus
1077 1250 1204 1302 inest,
1239 1264 1371 1304 quam
1408 1249 1508 1291 alio.
1585 1250 1664 1291 Set
1698 1255 1845 1290 motus

296 1321 523 1362 stellarum
546 1320 737 1361 fixarum
761 1320 1054 1363 adorientem
1079 1320 1245 1361 tardior
1270 1326 1347 1361 est.

357 1391 416 1432 Et
440 1392 596 1431 iterum
616 1406 623 1429 z
656 1403 841 1444 corpora
863 1390 1177 1444 propinquiora
1204 1389 1262 1430 illi
1290 1390 1358 1431 cui
1380 1389 1525 1443 primo
1547 1389 1659 1430 inest
1682 1389 1847 1431 debent

295 1460 487 1501 velocius
515 1459 692 1509 moveri,
717 1465 761 1500 et
790 1459 1031 1500 remociora
1059 1458 1239 1508 tardius,
1266 1459 1377 1500 sicut
1407 1459 1513 1499 dicit
1542 1457 1847 1513 AlpetragiUS‚
1867 1472 1933 1502 20·

297 1535 340 1570 et
372 1529 491 1569 racio
523 1528 732 1581 cujusque
764 1527 991 1582 approbat.
1057 1527 1136 1569 Set
1168 1542 1192 1569 e
1223 1528 1442 1569 contrario
1474 1534 1540 1569 est
1577 1528 1634 1569 de
1664 1527 1846 1569 orbibus

131 1607 230 1648 125b
250 1615 278 1639 2.
299 1598 590 1652 planetarum.
655 1597 716 1639 Et
747 1597 830 1638 hoc
861 1597 1016 1638 eadem
1050 1597 1224 1638 racione
1251 1604 1255 1646 ξ
1284 1596 1469 1646 videtur,
1497 1597 1618 1650 quod
1650 1610 1737 1638 non
1769 1611 1846 1651 ap-

299 1667 548 1720 proprietur
569 1666 697 1707 alicui
721 1666 818 1707 orbi
841 1679 972 1718 supra
994 1665 1145 1707 orbem
1169 1665 1407 1707 stellarum.

357 1734 522 1777 Contra
543 1735 628 1776 hoc
650 1735 771 1788 quod
794 1736 920 1789 ponit
943 1741 1088 1776 motus
1111 1735 1254 1776 dictos
1276 1749 1370 1776 esse
1393 1734 1448 1775 ad
1472 1735 1664 1776 diversas
1685 1741 1847 1789 partes,

299 1805 443 1859 arguit
461 1804 749 1859 Alpetragius
766 1818 844 1858 per
861 1804 1077 1845 unitatem
1098 1804 1281 1846 motoris
1298 1803 1394 1856 celi,
1410 1817 1436 1844 a
1453 1817 1541 1857 quo
1559 1817 1646 1844 non
1663 1809 1846 1858 possunt
1869 1822 1908 1855 25

300 1874 467 1916 causari
482 1880 627 1915 motus
642 1873 858 1921 contrarii,
874 1880 941 1914 set
960 1880 1132 1914 tantum
1152 1887 1263 1914 unus
1283 1880 1429 1915 motus
1444 1874 1499 1915 ad
1516 1886 1646 1915 unam
1661 1879 1846 1928 partem.

362 1944 475 1984 Item
506 1942 652 1997 arguit
681 1944 767 1984 sic:
801 1943 942 1984 celum
967 1949 1032 1984 est
1055 1956 1213 1998 corpus
1236 1943 1441 1997 simplex,
1464 1949 1508 1985 et
1535 1943 1735 1996 parcium
1759 1955 1847 1984 non

301 2013 618 2054 contrariarum
652 2013 695 2053 in
729 2019 898 2063 natura,
925 2020 992 2054 set
1021 2013 1231 2054 similium
1263 2014 1374 2054 inter
1406 2027 1452 2054 se
1484 2020 1530 2055 et
1561 2012 1617 2053 ad
1645 2018 1846 2053 naturam

301 2082 454 2123 tocius.
514 2080 592 2123 Set
630 2087 772 2123 totum
808 2082 966 2134 celum,
1000 2088 1047 2123 ut
1084 2088 1219 2135 patet,
1258 2088 1460 2124 movetur
1496 2082 1551 2123 ab
1589 2081 1755 2122 oriente
1790 2081 1847 2123 ad

300 2151 588 2201 occidentem,
612 2152 655 2192 id
686 2157 764 2201 est,
795 2166 819 2192 a
850 2152 1010 2193 dextro
1039 2151 1082 2192 in
1111 2151 1348 2193 sinistrum.
1412 2150 1560 2207 Quare
1588 2164 1740 2192 omnes
1771 2164 1848 2191 sue
1868 2166 1911 2199 30

301 2227 448 2274 partes
470 2219 668 2261 similiter
691 2220 999 2262 movebuntur.
1063 2226 1067 2228 ’

361 2289 493 2342 Quod
537 2296 686 2330 autern
731 2290 928 2330 maxime
970 2288 1074 2330 facit
1107 2290 1298 2340 credere,
1334 2295 1481 2330 motus
1524 2301 1612 2329 non
1656 2302 1748 2330 esse
1789 2288 1846 2329 ad

302 2358 493 2399 diversas
511 2364 670 2413 partes,
690 2364 768 2410 est,
790 2365 837 2399 ut
860 2359 1046 2409 videtur,
1065 2357 1147 2399 hoc
1166 2373 1174 2398 :
1205 2359 1326 2412 quod
1350 2358 1498 2399 omnia
1520 2357 1783 2411 apparencia
1805 2357 1848 2398 in

301 2426 395 2467 celo
417 2434 601 2482 possunt
623 2427 781 2468 salvari
805 2427 840 2467 si
863 2440 1079 2480 ponamus
1104 2427 1222 2481 ipsos
1249 2440 1342 2467 esse
1369 2427 1423 2467 ad
1451 2427 1638 2467 eandem
1665 2432 1847 2481 partem,

301 2496 411 2537 sicut
434 2497 489 2537 ad
512 2497 731 2546 diversas;
766 2502 809 2536 et
833 2496 987 2537 melius
1010 2502 1075 2536 est
1098 2509 1260 2550 ponere
1283 2496 1325 2536 in
1348 2495 1552 2536 omnibus
1574 2495 1846 2536 naturalibus
1867 2509 1908 2542 35

301 2565 629 2619 simplicitatem
664 2572 707 2607 et
740 2567 954 2608 unitatem
989 2579 1122 2620 quam
1155 2565 1526 2619 composicionem
1569 2564 1845 2619 vel-plurali-

300 2641 452 2683 tatem,
475 2635 548 2675 ubi
574 2649 653 2675 nec
675 2648 830 2676 sensus
853 2648 930 2676 nec
953 2635 1068 2675 racio
1092 2634 1185 2688 ejus
1206 2633 1474 2688 simplicitati
1501 2633 1802 2675 contrariatur.

359 2702 519 2744 Adhuc
557 2710 746 2758 arguunt
783 2704 963 2758 quidam
1002 2704 1121 2757 quod
1160 2716 1246 2744 non
1285 2704 1370 2744 sint
1404 2710 1550 2745 motus
1587 2704 1629 2744 in
1665 2703 1760 2744 celo
1802 2703 1845 2743 in

1023 39 1109 81 430
1813 19 1816 21 ’
1940 0 1945 187 2

1943 218 1945 264 l

1944 299 1945 349 l
