1945 3079
836 103 920 146 443

110 207 199 242 tem
216 214 368 242 eorum
384 201 438 241 ad
458 199 619 241 Solem.
653 199 863 242 Similiter
881 201 1007 241 Luna
1024 200 1166 241 minus
1183 201 1238 241 de
1255 200 1347 254 ipsa
1365 198 1651 249 illuminatur,

110 276 154 311 et
187 270 329 312 solum
366 269 657 310 illuminatum
691 269 816 310 nobis
848 276 1044 324 apparet.
1120 268 1286 311 Contra
1318 270 1401 310 hoc
1434 269 1548 310 enim
1587 274 1652 309 est

109 338 241 392 quod,
264 339 375 380 sicut
397 352 454 378 ex
478 338 561 379 ista
584 351 714 379 causa
737 339 951 379 sensibilis
969 344 1153 393 apparet
1171 339 1397 379 diversitas
1419 338 1461 378 in
1479 337 1650 391 quanti-

109 414 213 456 tate,
236 407 433 448 similiter
455 413 638 461 apparet
661 407 703 447 in
727 406 866 462 figura
886 425 894 457 3
929 409 1046 461 quod
1072 421 1158 448 non
1181 408 1388 448 videmus.

71 492 88 524 5
170 476 297 526 Item,
312 490 400 517 non
416 483 482 517 est
496 475 639 517 simile
661 477 703 516 in
719 477 802 517 hiis
817 483 860 518 et
879 477 920 517 in
940 477 1079 527 Luna,
1094 477 1298 530 quoniam
1318 477 1446 516 Luna
1463 476 1651 517 situatur

109 546 190 586 sub
223 545 340 596 Sole,
371 553 414 586 et
447 546 546 586 ideo
569 559 668 586 cum
693 552 757 586 est
783 545 875 586 Soli
903 546 1164 600 propinqua,
1194 559 1280 585 non
1311 546 1465 586 eadem
1489 550 1532 584 et
1554 550 1650 585 tota

109 614 202 668 ejus
244 628 345 668 pars
381 615 534 668 recipit
572 614 688 655 visus
722 621 895 655 nostros
928 621 972 655 et
1016 614 1177 655 Solem.
1253 615 1304 654 In
1340 614 1468 654 dictis
1500 620 1648 654 autem

108 683 311 737 planetis,
348 684 448 737 quia
480 697 612 737 supra
642 683 793 725 Solem
823 684 1053 734 situantur,
1087 684 1130 723 in
1164 682 1281 723 nulla
1319 682 1650 724 circumstancia

109 752 304 806 ipsorum
335 767 360 793 a
390 752 494 794 Sole
524 753 695 794 videtur
717 766 870 793 eorum
892 752 977 794 alia
999 766 1111 806 pars,
1135 752 1236 804 quia
1259 752 1415 792 eadem
1438 751 1527 791 fere
1548 757 1644 792 tota

48 837 89 859 10
107 836 133 863 a
156 821 260 862 Sole
282 822 519 876 respicitur.

143 890 263 947 'Nec
295 896 442 944 potest
471 891 556 932 dici
583 891 715 944 quod,
740 897 920 945 propter
943 889 1383 944 approximacionem
1407 890 1461 930 ad
1487 887 1652 939 Solem,

108 960 271 1000 cadunt
289 960 332 1000 in
348 960 493 1001 radios
513 959 641 1012 Solis,
655 966 697 1002 et
716 961 817 1002 ideo
836 961 1024 1001 minores
1047 965 1264 1014 apparent
1282 972 1415 1012 quam
1432 959 1473 998 in
1495 958 1650 1010 majori

107 1028 333 1080 distancia‚
365 1029 575 1083 quoniam
610 1030 839 1071 diversitas
869 1030 911 1070 in
945 1030 1193 1083 quantitate
1231 1034 1472 1082 apparente
1500 1040 1650 1068 eorum

107 1099 259 1140 existit
282 1099 324 1138 in
352 1098 505 1152 majori
529 1099 741 1140 distancia
763 1113 897 1152 quam
916 1098 1046 1139 fuerit
1068 1098 1281 1139 distancia
1306 1098 1346 1137 in
1369 1110 1455 1150 qua
1477 1096 1651 1150 planete

49 1182 86 1214 15
108 1167 271 1208 cadunt
288 1168 331 1207 in
348 1169 491 1209 radios
507 1167 625 1209 Solis
647 1182 654 1218 ;
686 1169 796 1209 sicut
813 1182 889 1222 per
906 1169 1047 1209 visum
1067 1173 1110 1208 et
1127 1180 1206 1220 per
1227 1180 1278 1207 ea
1300 1180 1385 1219 que
1408 1166 1651 1220 probantur

108 1236 151 1276 in
178 1236 265 1277 fine
286 1237 538 1291 Almagestz‘
559 1237 732 1291 probari
756 1238 932 1291 poterit.

164 1333 433 1388 <Capitulum
459 1342 554 1389 17⁰².
616 1335 668 1376 de
688 1335 856 1390 objectis
877 1343 1025 1376 contra
1037 1335 1301 1388 posicionem
1323 1333 1633 1389 naturalium.)

168 1414 228 1455 Et
260 1414 363 1456 licet
395 1415 478 1456 ista
508 1415 701 1456 habeant
732 1414 1037 1458 difficultatem
1064 1413 1272 1467 aliquam,
1305 1419 1453 1454 tamen
1486 1413 1545 1454 illi
1577 1414 1651 1467 qui

108 1483 307 1524 nituntur
329 1485 554 1525 destruere
583 1484 789 1537 epiciclos
816 1490 860 1524 et
889 1484 1131 1524 ecentricos
1157 1483 1308 1524 dicunt
1337 1483 1458 1536 quod
1492 1482 1647 1523 melius

47 1569 86 1591 20
106 1558 172 1594 est
194 1552 351 1594 salvari
374 1553 572 1594 ordinem
595 1559 750 1594 nature
772 1559 815 1593 et
833 1553 978 1594 sensui
997 1552 1311 1604 contradicere,
1327 1552 1402 1606 qui
1421 1552 1649 1594 multocies

79 1621 256 1672 ‚deficit
292 1628 336 1663 et
372 1623 580 1677 precipue
623 1637 680 1663 ex
724 1635 884 1675 magna
929 1622 1159 1674 distancia‚
1198 1628 1334 1674 atque
1376 1621 1531 1662 melius
1572 1628 1649 1672 est,

106 1697 156 1732 ut
187 1691 308 1742 dicit,
341 1691 529 1732 deficere
561 1692 603 1732 in
646 1691 869 1732 solucione
911 1690 1097 1743 alicujus
1140 1690 1424 1744 sophismatis
1461 1690 1649 1731 difficilis

105 1773 240 1814 quam
281 1761 468 1802 scienter
499 1774 660 1815 ponere
701 1761 964 1802 contrarium
997 1765 1164 1800 nature.
1227 1761 1343 1801 Nam
1387 1759 1652 1801 Aristoteles

106 1829 212 1871 dicit
237 1831 356 1883 quod
389 1831 607 1884 sapientes
633 1830 872 1884 aliquando
898 1829 1108 1870 deficiunt
1131 1830 1173 1870 in
1200 1829 1491 1870 dissolucione
1517 1828 1650 1881 phisi-

46 1919 84 1952 ²5
106 1912 255 1940 corum
274 1900 514 1950 subtilium,
530 1901 647 1942 unde
664 1899 892 1953 Averroys
910 1900 1015 1941 dicit
1033 1912 1161 1953 super
1178 1898 1459 1940 undecimum
1476 1897 1651 1938 Metlza-

94 1967 261 2022 plzz'sz'ce
282 1969 401 2021 quod
423 1969 695 2010 astronomia
717 1982 817 2009 vera
834 1969 1040 2010 fundatur
1062 1981 1192 2021 super
1210 1967 1417 2021 principia
1437 1967 1653 2008 naturalia

105 2051 193 2091 que
213 2038 447 2078 destruunt
477 2037 682 2091 epiciclos
706 2043 749 2078 et
780 2036 1028 2078 ecentricos.
1092 2037 1153 2077 Et
1174 2042 1325 2077 tamen
1347 2035 1583 2078 confitetur
1606 2050 1652 2077 se

106 2119 194 2147 non
235 2120 365 2161 posse
407 2107 632 2161 explicare
665 2106 778 2147 hanc
819 2106 1147 2153 astronomiam,
1180 2107 1255 2147 sed
1300 2106 1443 2158 tangit
1484 2106 1651 2147 radices

107 2183 155 2217 ut
177 2177 253 2217 det
271 2177 547 2217 occasionem
565 2176 849 2229 sequentibus
868 2175 1088 2217 studiosis.
1153 2175 1318 2215 Dicunt
1339 2175 1476 2216 eciam
1500 2188 1652 2216 omnes

48 2265 90 2297 30
106 2252 199 2287 tarn
241 2246 545 2287 mathematici
588 2259 721 2299 quam
763 2244 984 2286 naturales
1025 2244 1144 2297 quod
1187 2244 1355 2297 duplex
1391 2250 1458 2284 est
1496 2244 1652 2284 modus

107 2314 307 2356 salvandi
330 2315 595 2370 apparencia
613 2331 620 2355 :
654 2329 764 2356 unus
786 2328 863 2368 per
880 2314 1120 2355 ecentricos
1142 2320 1186 2354 et
1204 2313 1418 2368 epiciclos,
1441 2312 1551 2353 alius
1573 2326 1653 2366 per

109 2390 256 2426 motus
273 2384 390 2426 orbis
408 2385 604 2438 ejusdem
628 2397 758 2438 super
781 2383 921 2425 multa
942 2395 1104 2437 genera
1123 2383 1338 2436 polorum,
1360 2382 1541 2432 scilicet,
1563 2383 1652 2423 duo

106 2454 230 2508 paria
261 2460 304 2495 et
336 2454 472 2508 plura,
510 2460 558 2495 ut
591 2454 679 2495 sint
712 2459 858 2495 motus
894 2452 1129 2506 compositi
1160 2465 1248 2493 non
1278 2451 1509 2505 simplices,
1541 2451 1654 2492 sicut

107 2523 335 2577 Averroys
358 2524 488 2565 docet
511 2536 642 2578 super
659 2523 940 2564 undecimum
958 2521 1285 2576 Metkaplzz'sz'ce‚
1307 2521 1381 2562 ubi
1405 2521 1509 2562 dicit
1532 2520 1652 2574 quod

48 2611 87 2643 35
108 2592 319 2646 possibile
355 2599 421 2634 est
458 2593 606 2634 omnia
642 2592 799 2633 salvari
843 2605 920 2645 per
956 2592 1070 2632 hunc
1109 2591 1306 2632 modum.
1373 2590 1491 2631 Nam
1530 2589 1651 2642 quod

107 2661 327 2703 difficilius
349 2668 414 2703 est
435 2663 677 2704 secundum
700 2661 1024 2715 longitudinem
1053 2660 1179 2701 Lune
1209 2659 1422 2712 majorem
1447 2665 1490 2700 et
1514 2659 1653 2700 mino-

154 2759 194 2789 16
219 2758 294 2790 End
311 2759 350 2790 of
361 2759 659 2799 correspondence
672 2758 756 2789 with
773 2756 834 2799 Op.
854 2756 935 2790 Tert.
956 2757 1119 2797 (Duhem,
1138 2766 1172 2796 p.
1193 2756 1281 2796 137).
1388 2765 1439 2794 25,
1454 2765 1495 2795 34
1513 2757 1657 2787 Metha-

107 2811 268 2856 phisiee]
286 2811 344 2842 xii.
362 2821 403 2850 44
422 2821 539 2843 comm.
562 2811 789 2852 (Undecimus
805 2810 968 2841 Averrois
985 2819 1089 2849 super
1101 2809 1161 2840 xii.
1178 2808 1304 2849 Arist.)

1672 1424 1735 1456 130
1752 1427 1772 1448 a
1792 1425 1818 1448 1.
