1945 3079
1045 92 1131 134 324

315 208 356 241 et
381 201 441 241 ita
466 212 551 240 una
576 198 790 239 medietas
808 197 890 239 erit
908 197 963 238 de
981 201 1137 237 natura
1156 194 1303 249 gravis
1322 200 1364 235 et
1387 193 1473 235 alia
1496 193 1551 235 de
1574 198 1730 234 natura
1747 192 1870 235 levis.
1911 189 1914 192 ’

316 268 395 310 Set
422 268 507 309 hoc
536 281 631 309 esse
661 281 748 308 non
779 272 926 322 potest
949 266 1004 306 de
1027 265 1184 306 eodem
1208 277 1392 318 corpore
1414 263 1600 316 simplici
1622 263 1866 304 secundum

314 338 517 391 speciem,
542 338 634 379 sive
657 350 886 378 sumamus
909 348 1044 389 grave
1067 341 1111 376 et
1131 333 1228 375 leve
1251 333 1294 374 in
1318 338 1520 386 respectu
1543 333 1632 374 sive
1654 332 1868 383 absolute,

314 407 416 461 quia
448 412 540 447 tam
571 419 704 460 grave
732 412 776 447 et
805 405 900 446 leve
930 403 1134 446 absolute
1160 409 1339 456 sumpta
1368 401 1533 444 faciunt
1563 402 1867 443 diversitatem

314 477 356 517 in
390 477 536 531 specie
568 490 702 530 quam
735 482 914 528 sumpta
947 474 1201 529 respective,
1229 478 1273 513 et
1303 472 1403 513 ideo
1433 477 1615 524 oportet
1636 472 1754 524 quod
1779 472 1867 513 sint
1886 488 1904 521 5

314 546 460 587 media
483 545 818 599 proportionata
841 545 954 585 inter
978 558 1041 585 ea.
1096 542 1156 583 Et
1179 542 1236 583 ad
1258 541 1343 582 hoc
1367 546 1434 581 est
1456 540 1698 581 auctoritas
1717 540 1866 582 Boecii

312 622 356 657 et
388 616 615 669 persuasio
648 628 725 669 per
757 613 898 655 simile
931 613 974 653 in
1002 613 1195 654 numeris
1232 605 1544 664 corporalibus,
1582 609 1717 651 unde-
1738 609 1782 650 in
1823 615 1867 665 3⁰

311 685 362 726 de
383 684 679 727 Consolacz‘one
696 683 938 725 introducit
955 681 1283 736 philosophiam
1302 679 1558 733 loquentem
1579 684 1623 720 et
1645 679 1865 721 dicentem

313 754 440 796 Deo:
485 755 555 795 Tu
599 754 792 795 numeris
835 753 1056 794 elementa
1090 752 1211 805 ligas.
1288 750 1348 791 Et
1382 750 1493 791 sicut
1527 749 1619 804 ipse
1656 749 1788 791 docet
1821 750 1865 790 in

309 823 618 874 Arz'tlzmetz'ca‚
656 824 767 863 inter
803 835 958 864 omnes
994 821 1166 862 medios
1203 833 1409 860 numeros
1445 817 1612 860 solidos
1643 825 1744 860 sunt
1776 819 1866 860 duo
1889 835 1929 858 10

311 893 456 933 media
486 893 827 946 proporcionata
862 897 904 932 et
934 891 1049 932 inter
1074 888 1373 943 superficiales
1396 894 1462 929 est
1485 901 1648 930 unum:
1684 896 1731 930 ut
1755 889 1867 930 inter

309 974 468 1002 novem
503 968 547 1002 et
578 974 606 1011 4
636 967 702 1002 est
742 962 781 1011 6,
814 974 900 1014 que
934 961 1247 1001 continuantur
1279 960 1321 999 in
1360 957 1646 1011 sesquialtera
1680 971 1864 1013 propor-

309 1031 447 1079 cione,
485 1038 551 1072 set
589 1032 701 1071 inter
744 1040 795 1082 27
833 1037 876 1071 et
914 1030 937 1069 8
975 1035 1076 1070 sunt
1111 1029 1201 1070 duo
1237 1029 1397 1084 media,
1431 1028 1597 1070 scilicet
1633 1027 1683 1068 18
1717 1034 1761 1069 et
1797 1039 1862 1076 12,

309 1100 420 1141 inter
449 1113 535 1154 que
561 1100 708 1140 omnia
735 1100 1049 1141 continuantur
1073 1100 1228 1140 eadem
1252 1097 1539 1151 sesquialtera
1561 1098 1863 1152 proporcione.

309 1168 494 1224 Propter
510 1169 594 1210 hoc
613 1169 705 1223 ipse
728 1175 772 1210 et
795 1182 948 1210 omnes
972 1167 1140 1222 antiqui
1160 1166 1413 1221 philosophi
1437 1173 1689 1220 posuerunt,
1711 1159 1863 1210 secun·
1887 1189 1925 1221 ¹5

309 1240 414 1281 dum
447 1239 780 1280 similitudinem
814 1251 1097 1280 numerorum
1131 1237 1442 1291 corporalium,
1466 1237 1556 1278 duo
1590 1237 1737 1278 media
1765 1252 1860 1280 esse

308 1308 419 1350 inter
455 1308 673 1350 elementa
710 1315 924 1349 extrema.
1003 1306 1121 1349 Sunt
1164 1307 1297 1361 igitur
1336 1307 1392 1347 ad
1431 1307 1575 1348 minus
1612 1315 1639 1360 5
1677 1321 1862 1362 corpora
1940 1287 1945 1356 l

309 1379 472 1428 mundi,
487 1377 664 1427 scilicet,
680 1384 870 1430 quatuor
884 1377 1104 1418 elementa
1122 1382 1165 1417 et
1183 1377 1386 1429 quintum
1405 1390 1564 1431 corpus
1582 1393 1590 1417 ι
1615 1383 1659 1418 et
1676 1384 1861 1420 vocatur
1943 1365 1945 1376 Α

307 1448 461 1500 quinta
489 1447 695 1500 essencia‚
718 1453 763 1488 et
794 1446 950 1495 celum,
974 1453 1018 1487 et
1050 1445 1188 1488 ether.
1252 1446 1299 1488 Si
1329 1460 1432 1487 vero
1460 1453 1615 1488 contra
1644 1447 1859 1489 obiciatur

307 1517 427 1569 quod
464 1522 567 1557 sunt
607 1522 781 1557 tantum
819 1516 908 1556 duo
946 1521 1106 1566 motus,
1140 1516 1244 1557 recti
1288 1515 1531 1556 secundum
1569 1517 1775 1570 speciem,
1812 1524 1859 1558 ut
1882 1537 1922 1558 20

308 1591 453 1626 motus
468 1599 639 1626 sursum
655 1591 698 1627 et
716 1587 936 1635 deorsum,
951 1598 1056 1638 ergo
1074 1591 1248 1626 tantum
1266 1585 1354 1625 duo
1372 1598 1557 1638 corpora
1579 1602 1587 1626 :
1621 1585 1857 1627 dicendum

306 1661 373 1695 est
401 1656 520 1708 quod
551 1655 620 1695 hic
649 1655 924 1709 expositores
953 1661 996 1696 et
1028 1660 1402 1695 commentatores
1428 1655 1718 1704 excedebant,
1744 1657 1858 1698 sicut

304 1725 435 1765 docet
457 1724 684 1778 Averroys
714 1737 844 1777 super
870 1723 1061 1778 primum
1090 1722 1180 1765 Celz‘
1202 1729 1246 1764 et
1265 1722 1445 1764 Mundi.
1510 1723 1590 1766 Set
1612 1725 1708 1779 ipse
1730 1726 1857 1767 certi-

304 1793 406 1834 ficat
432 1808 511 1835 nos
542 1795 597 1835 de
625 1794 722 1844 hoc,
742 1793 895 1834 volens
924 1794 1044 1846 quod
1075 1806 1162 1834 non
1192 1801 1294 1835 sunt
1322 1800 1496 1835 tantum
1526 1794 1615 1836 duo
1643 1800 1790 1836 motus
1813 1795 1856 1836 in

304 1864 450 1917 specie
471 1863 782 1917 specialissima
805 1870 871 1904 set
894 1862 1036 1904 solum
1060 1863 1103 1903 in
1126 1863 1272 1917 specie
1292 1862 1562 1905 subalterna.
1623 1863 1743 1905 Nam
1761 1863 1857 1906 loca
1879 1883 1917 1915 ²5

303 1933 412 1974 aeris
442 1939 485 1973 et
517 1933 628 1986 ignis
653 1939 754 1973 sunt
783 1933 953 1973 diversa
983 1932 1026 1972 in
1051 1932 1208 1985 specie,
1230 1932 1334 1986 quia
1362 1932 1397 1973 si
1423 1947 1498 1974 aer
1524 1939 1638 1974 esset
1660 1933 1705 1974 in
1728 1947 1857 1987 spera

303 2002 414 2056 ignis
443 2002 741 2052 descenderet,
765 2008 809 2043 et
838 2002 936 2043 ideo
962 2015 1133 2042 sursum
1166 2008 1312 2043 motus
1341 2008 1407 2043 est
1438 2001 1606 2056 duplex
1633 2002 1677 2043 in
1699 2004 1856 2057 specie,

301 2071 543 2112 secundum
576 2071 877 2112 diversitatem
911 2071 1110 2111 locorum
1144 2072 1289 2125 specie
1321 2071 1610 2120 diversorum,
1632 2078 1677 2113 et
1705 2072 1764 2113 sic
1788 2080 1855 2114 est

302 2140 357 2180 de
379 2153 494 2193 aqua
517 2146 560 2180 et
583 2147 708 2181 terra.

344 2287 364 2317 8
389 2289 434 2318 de
452 2286 742 2328 Consolacione]
761 2287 806 2318 iii.
823 2298 854 2327 9.
877 2297 926 2318 10.
1092 2296 1132 2318 10
1156 2287 1426 2329 Arithmetica]
1439 2289 1472 2320 ii.
1492 2275 1543 2327 4⁸6.
1703 2299 1746 2329 23
1769 2293 1853 2323 Geli

299 2343 336 2370 et
354 2338 509 2380 Mundi]
527 2339 546 2369 i.
565 2348 584 2378 5
601 2349 722 2370 comm.
742 2351 749 2377 3
782 2349 825 2378 90
840 2350 962 2370 comm.
1228 2336 1234 2340 ’

342 2483 361 2502 2
386 2472 445 2513 de]
463 2473 496 2502 in
518 2471 548 2502 Ο
651 2481 670 2511 5
696 2471 847 2512 oportet]
868 2482 1013 2503 necesse
1029 2478 1081 2503 est
1101 2473 1132 2504 Ο
1245 2474 1266 2503 6
1290 2472 1419 2514 media]
1436 2474 1504 2505 duo
1521 2474 1634 2505 media
1653 2474 1684 2506 Ο
1773 2486 1851 2516 pro-

297 2523 509 2565 portionata]
540 2523 807 2565 proportionalia
835 2523 865 2554 O
999 2524 1056 2566 ea]
1090 2529 1243 2556 extrema
1277 2524 1307 2555 O
1485 2535 1525 2557 10
1550 2526 1697 2568 medios]
1715 2527 1802 2559 duos
1820 2528 1852 2560 Ο

300 2587 336 2608 11
364 2576 644 2617 proporcionata]
664 2576 932 2616 proportionalia
952 2576 983 2608 Ο
1136 2587 1174 2607 12
1199 2577 1268 2618 est]
1287 2582 1365 2608 sunt
1383 2576 1423 2607 M
1538 2589 1577 2618 14
1602 2580 1850 2622 proporcione]

295 2629 480 2668 proporcio
500 2628 531 2659 Ο
689 2638 727 2667 15
752 2627 835 2668 hoc]
852 2629 943 2667 quod
964 2627 994 2658 Ο
1145 2630 1193 2669 18,
1216 2640 1256 2669 19
1279 2635 1314 2661 et
1331 2654 1338 2661 .
1359 2653 1366 2661 .
1387 2654 1394 2662 .
1414 2630 1588 2672 essencia]
1602 2632 1694 2671 quod
1707 2637 1851 2664 vocatur

295 2681 446 2721 quintam
464 2680 654 2712 essenciam
673 2679 703 2710 O
825 2690 864 2719 19
887 2680 1023 2721 contra]
1041 2684 1162 2711 contra
1179 2681 1243 2712 hoc
1263 2681 1294 2713 O
1413 2692 1467 2720 20,
1486 2692 1524 2712 21
1553 2683 1637 2715 recti
1655 2708 1662 2716 .
1682 2708 1689 2716 .
1710 2711 1716 2717 .
1735 2689 1847 2717 motus

293 2743 361 2764 om.
380 2732 421 2762 M
535 2742 574 2763 21
601 2731 652 2773 et]
670 2736 782 2763 motus
801 2731 832 2762 O
935 2742 977 2762 22
1002 2732 1232 2775 excedebant]
1248 2734 1503 2766 contendebant
1522 2734 1553 2765 Ο
1653 2746 1695 2774 24
1719 2736 1849 2778 motus]

295 2789 404 2815 motus
420 2785 545 2816 diversi
565 2784 596 2816 Ο
729 2784 770 2815 28
795 2783 926 2826 specie]
945 2785 977 2814 in
995 2784 1111 2824 specie
1132 2784 1163 2816 O
