1945 3079
806 107 890 151 393

85 210 284 265 ejusdem
316 217 469 253 nature
501 212 662 265 quinte,
685 213 784 254 ideo
818 221 1000 267 possunt
1032 217 1262 257 convenire
1294 217 1336 258 in
1372 224 1493 259 motu
1527 232 1628 268 uno,

85 287 152 322 set
183 293 346 321 nonum
380 280 521 322 celum
556 295 644 322 non
677 289 743 323 est
769 282 964 335 ejusdem
998 290 1161 334 nature,
1183 292 1360 340 propter
1390 288 1510 340 quod
1541 301 1629 329 non

84 355 259 404 oportet
280 349 413 390 talem
438 355 608 390 motum
633 350 723 391 fieri
746 351 787 391 in
810 365 875 392 eo.

144 417 190 459 Si
221 417 226 471 Ι
253 418 351 471 quis
371 432 474 459 vero
497 418 718 461 obstinate
740 421 941 462 intendat
960 421 1101 463 celum
1125 436 1290 464 nonum
1315 426 1478 465 moveri
1504 432 1627 467 motu

46 503 64 536 5
84 486 259 540 duplici,
290 488 394 540 quia
425 486 643 530 elementa
676 495 779 530 nata
812 497 915 532 sunt
948 492 1114 532 moveri
1148 490 1385 534 motu‘celi
1416 494 1556 548 primi,
1585 500 1629 536 et

86 554 211 596 multi
243 555 465 608 estimant,
488 563 532 598 et
563 557 791 610 probabile
819 565 899 609 est,
933 559 988 601 de
1020 574 1109 613 quo
1142 561 1386 614 inquiretur
1423 562 1627 615 inferius;

85 638 172 666 non
204 626 424 667 contendo
456 626 511 666 ad
545 640 734 680 presens,
759 629 862 682 quia
896 629 1035 670 multa
1067 643 1169 670 vera
1199 636 1301 671 sunt
1332 631 1630 684 probabiliora

84 693 348 748 quibusdam
382 696 650 749 necessariis,
682 702 726 737 et
758 697 898 740 multa
930 705 1032 740 sunt
1065 698 1173 740 salsa
1203 699 1503 753 probabiliora
1536 702 1628 755 qui-

84 763 269 804 busdam
293 764 419 805 veris.
482 764 615 818 Quod
650 766 683 806 si
717 767 828 808 duos
859 780 1074 820 ponamus
1107 773 1254 809 motus
1286 767 1328 808 in
1362 781 1477 809 nono
1506 769 1628 823 celo;

28 851 67 875 ιο
83 838 186 873 tunc
208 832 281 873 illa
303 833 420 874 racio
442 833 598 875 ultima
621 847 709 876 non
733 836 865 890 cogit.

142 902 203 944 Et
237 908 413 956 oportet
451 903 594 944 dicere
635 906 755 958 quod
795 912 942 948 motus
984 906 1188 960 obliquus
1227 921 1314 949 non
1351 914 1498 963 potest
1536 924 1629 951 esse

82 970 249 1024 primus
273 978 315 1012 et
338 971 457 1012 solus
484 973 577 1014 sine
600 973 684 1014 alio
703 980 825 1016 motu
850 975 892 1016 in
915 976 1071 1017 eodem
1094 990 1289 1031 corpore,
1304 978 1405 1031 quia
1427 978 1629 1019 absolute

81 1039 305 1093 loquendo
338 1047 482 1082 rectus
515 1048 582 1083 est
614 1042 732 1096 prior
763 1043 973 1097 obliquo;
1006 1052 1073 1086 set
1106 1046 1208 1099 quia
1239 1047 1394 1088 eadem
1420 1046 1628 1089 facilitate

81 1109 341 1162 reprobatur
381 1110 463 1151 hec
501 1110 668 1152 solucio
706 1125 794 1165 qua
831 1113 1117 1166 defendatur;
1159 1115 1293 1169 eligat
1328 1117 1627 1170 unusquisque

25 1192 61 1225 15
79 1177 184 1231 quid
207 1179 288 1219 sibi
313 1179 466 1220 melius
487 1179 659 1234 placere
679 1181 864 1222 videtur.

146 1297 394 1352 Capitulum
446 1308 655 1354 quartum
731 1302 810 1356 (de
859 1302 1116 1355 dzjffereucz'a
1166 1303 1334 1345 orbium
1392 1304 1627 1347 secundum

78 1367 296 1422 speciem).

142 1450 318 1491 Deinde
368 1450 734 1493 considerandum
777 1458 844 1493 est
884 1452 919 1493 si
962 1452 1091 1492 orbes
1136 1452 1343 1494 differunt
1385 1455 1626 1495 secundum

82 1519 272 1574 speciem
295 1520 407 1561 sicut
429 1521 668 1561 secundum
692 1534 937 1563 numerum.
992 1521 1052 1562 Et
1071 1522 1320 1563 ostenditur
1336 1524 1455 1576 quod
1477 1537 1627 1565 secun-

25 1606 65 1629 20
83 1589 190 1630 dum
225 1589 432 1642 speciem,
464 1589 568 1642 quia
596 1589 786 1631 mundus
818 1596 1005 1644 occupat
1034 1597 1176 1632 totam
1206 1592 1437 1632 materiam
1468 1593 1510 1633 in
1538 1606 1625 1634 uno

77 1647 321 1709 individuo,
344 1663 388 1698 et
411 1658 509 1698 ideo
539 1657 686 1712 plures
709 1672 803 1699 esse
832 1672 919 1700 non
947 1665 1146 1713 possunt.
1209 1659 1288 1701 Set
1320 1662 1509 1702 mundus
1536 1675 1623 1702 non

81 1732 229 1781 potest
250 1727 333 1768 hoc
365 1727 527 1769 habere
558 1742 584 1769 a
614 1742 671 1778 se,
694 1728 797 1780 quia
828 1741 915 1769 non
946 1734 1012 1770 est
1045 1742 1179 1769 unum
1214 1743 1371 1783 corpus
1399 1736 1466 1771 set
1489 1730 1626 1784 plura,

82 1809 186 1849 ergo
208 1796 292 1837 hoc
324 1796 459 1838 habet
489 1810 515 1837 a
547 1797 744 1850 partibus
767 1797 869 1845 suis,
892 1811 1025 1850 quare
1055 1805 1201 1851 partes
1232 1797 1324 1851 ejus
1353 1805 1454 1839 sunt
1475 1799 1625 1852 hujus-

84 1866 216 1916 modi,
237 1879 342 1920 ergo
364 1866 420 1907 de
442 1865 640 1919 quolibet
663 1866 780 1907 orbe.
844 1866 1092 1907 Dicendum
1122 1868 1241 1920 quod
1271 1874 1457 1920 occupat
1482 1875 1626 1910 totam

24 1951 61 1983 ²5
83 1935 312 1976 materiam
334 1948 458 1976 suam
481 1935 524 1975 in
548 1948 634 1976 uno
656 1936 894 1986 individuo,
917 1948 1023 1988 ergo
1045 1948 1131 1976 non
1149 1941 1216 1977 est
1236 1936 1446 1990 possibile
1467 1943 1516 1977 ut
1539 1938 1627 1978 sint

82 2004 229 2059 plures
251 2005 379 2046 orbes
403 2005 694 2046 individuales
718 2006 760 2045 in
784 2019 870 2046 una
891 2005 1036 2059 specie
1058 2006 1187 2046 orbis.

142 2073 259 2115 Item
280 2074 362 2115 hoc
383 2074 586 2115 videmus
609 2075 664 2115 de
686 2073 865 2116 orbibus
887 2074 1238 2125 elementaribus,
1256 2088 1361 2129 ergo
1382 2089 1408 2116 a
1429 2075 1560 2116 simili
1583 2082 1627 2117 et

84 2143 224 2186 multo
267 2143 409 2196 magis
451 2144 494 2184 in
530 2143 765 2185 celestibus
806 2150 985 2196 propter
1025 2157 1175 2185 eorum
1218 2144 1546 2198 perfeccionem‚
1578 2151 1625 2186 ut

82 2213 261 2254 cuilibet
282 2214 376 2254 orbi
404 2213 536 2254 nichil
558 2213 672 2254 desit
695 2214 750 2254 de
772 2227 852 2253 sua
873 2213 1027 2266 specie.
1092 2213 1206 2254 Item
1236 2219 1386 2267 potest
1408 2214 1532 2267 argui
1554 2213 1625 2255 hic

24 2298 64 2330 30
82 2282 194 2324 sicut
229 2283 348 2337 prius
382 2283 437 2323 de
474 2283 643 2323 unitate
681 2282 845 2331 mundi,
874 2282 994 2334 quod
1032 2281 1269 2323 multitudo
1302 2282 1625 2324 individuorum

16 2370 17 2373 ¹
82 2353 165 2393 sub
188 2365 274 2393 una
295 2352 439 2407 specie
453 2359 519 2394 est
541 2358 721 2406 propter
743 2351 1119 2405 inperfeccionem,
1141 2366 1246 2406 ergo
1268 2365 1367 2393 cum
1391 2352 1434 2392 in
1458 2352 1628 2394 celesti-

81 2423 163 2464 bus
187 2422 244 2464 sit
275 2420 405 2476 plena
436 2422 661 2476 perfeccio‚
693 2427 869 2475 oportet
896 2422 1014 2474 quod
1037 2422 1081 2462 in
1114 2435 1200 2462 una
1231 2421 1376 2474 specie
1407 2421 1463 2462 sit
1491 2435 1628 2462 unum

83 2491 369 2533 individuum.
433 2491 548 2533 Item
579 2491 583 2546 Ι
610 2492 802 2545 quedam
838 2491 1004 2545 species
1039 2490 1206 2532 habent
1239 2491 1366 2544 plura
1402 2491 1626 2533 individua

82 2548 227 2611 simul,
249 2568 298 2602 ut
328 2561 477 2602 asinus
509 2567 553 2603 et
583 2561 666 2610 leo,
691 2561 883 2614 quedam
909 2574 986 2614 per
1011 2561 1344 2614 successionem,
1376 2567 1424 2602 ut
1445 2561 1625 2614 phenix,

21 2639 60 2672 35
83 2644 187 2684 ergo
209 2629 357 2684 aliqua
379 2630 460 2672 erit
482 2644 568 2684 que
591 2643 732 2683 neque
753 2630 814 2670 sic
843 2644 984 2683 neque
1005 2629 1082 2681 sic,
1104 2630 1241 2670 immo
1270 2643 1445 2684 semper
1471 2630 1514 2670 in
1538 2643 1625 2671 uno

82 2700 315 2742 constabit.
378 2699 457 2741 Set
478 2700 562 2741 hoc
583 2706 649 2741 est
673 2699 868 2741 maxime
885 2699 928 2739 in
951 2699 1195 2740 celestibus.

143 2770 256 2811 Item
289 2782 340 2809 ea
361 2783 446 2822 que
477 2776 579 2811 sunt
605 2768 803 2822 ejusdem
831 2769 991 2822 speciei
1021 2774 1238 2823 appetunt
1270 2769 1456 2810 eundem
1481 2768 1623 2810 locum

1650 435 1750 475 113b
1770 444 1798 468 2,

1649 2507 1746 2541 114a
1765 2507 1795 2531 1.
