1945 3079
1025 63 1109 101 412

295 180 426 219 super
457 172 603 219 caput,
636 165 739 219 quia
771 171 876 207 tunc
918 165 1163 207 secundum
1198 166 1429 209 veritatem
1460 173 1525 209 est
1557 168 1846 223 propinquius

296 235 456 289 capiti3
490 241 534 276 et
556 236 737 288 quando
766 240 832 276 est
854 235 897 275 in
920 241 1020 276 ortu
1049 234 1117 276 vel
1149 249 1319 288 occasu,
1343 237 1467 290 ponit
1496 237 1670 278 stellam
1694 251 1845 280 secun-

296 305 403 345 dum
427 305 691 346 distanciam
716 305 847 359 plane
872 303 1023 359 figure,
1053 305 1166 346 sicut
1199 306 1318 347 visus
1348 306 1494 360 ipsum
1523 306 1707 360 judicat.
1785 307 1847 349 Et

296 373 400 426 quia
422 374 482 414 sic
506 381 584 424 est,
608 375 708 415 ideo
729 374 847 415 visus
876 373 1003 426 ponit
1026 373 1237 428 majorem
1266 375 1526 416 distanciam
1554 377 1610 416 ad
1633 382 1780 417 ortum
1802 383 1847 417 et

297 456 502 484 occasum
540 457 674 496 quam
710 443 767 484 ad
812 442 1053 483 meridiem.
1118 442 1178 484 Et
1219 443 1321 484 ideo
1355 444 1493 499 magis
1527 451 1641 499 errat
1683 445 1726 485 in
1768 459 1885 497 su05

130 525 191 560 119
208 519 228 550 b
246 527 275 550 2.
292 511 459 565 judicio
482 513 660 566 quando
686 511 814 554 stella
836 517 902 553 est
930 511 972 552 in
995 517 1093 552 ortu
1123 517 1167 553 et
1192 526 1365 566 occasu,
1386 527 1520 566 quam
1543 513 1721 567 quando
1747 512 1753 570 Ι
1781 520 1848 555 θεῖ

295 580 339 621 in
380 582 591 634 meridie3
626 588 670 623 et
706 582 806 623 ideo
837 581 964 636 ponit
995 581 1116 635 quod
1151 580 1269 623 Solis
1299 587 1454 623 motus·
1480 583 1622 636 magis
1657 583 1848 625 variatur

296 652 338 692 in
363 657 461 693 ortu
481 658 525 692 et
547 665 708 693 occasu
730 664 865 705 quam
889 651 1070 704 quando
1094 657 1159 692 est
1183 651 1226 691 in
1250 651 1447 693 meridie.
1678 638 1685 641 ⁴

355 720 505 775 Quare
536 735 640 762 vero
670 720 811 774 magis
840 726 954 761 errat
987 720 1030 760 in
1065 719 1170 761 Sole
1198 734 1332 774 quam
1365 721 1407 761 in
1439 721 1548 772 aliis,
1576 734 1676 763 cum
1709 720 1848 763 multe

296 790 424 832 stelle
465 791 553 833 sint
595 791 858 832 remociores
901 789 1018 839 Sole,
1066 789 1174 831 dicit
1216 789 1446 844 Averroys
1490 791 1609 844 quod
1655 790 1740 832 hoc
1781 797 1848 833 est
1870 808 1909 832 10

296 865 478 914 propter
515 860 790 901 debilitatem
832 859 951 900 visus
994 866 1195 913 respectu
1237 861 1302 900 sui
1348 859 1525 901 luminis
1567 866 1610 901 et
1653 861 1849 902 maxime

297 930 340 970 in
362 936 460 971 ortu
484 935 527 971 et
550 943 708 970 occasu
735 929 868 970 debet
894 929 977 970 hoc
1005 942 1113 980 esse,
1136 929 1238 981 quia
1259 936 1363 971 tunc
1387 929 1564 983 majoris
1587 930 1849 983 quantitatis

297 1005 340 1040 et
363 999 497 1040 eciam
521 999 700 1053 majoris
722 997 831 1039 lucis
849 1004 1035 1052 apparet
1056 998 1194 1038 eciam
1213 999 1247 1039 si
1266 1013 1452 1052 vapores
1475 1012 1563 1040 non
1580 999 1849 1053 interessent,

295 1069 407 1111 sicut
445 1070 606 1110 docent
648 1074 851 1109 auctores
887 1067 1172 1122 perspective‚
1208 1074 1252 1109 et
1285 1069 1524 1110 docebitur
1557 1068 1734 1110 inferius
1769 1083 1848 1110 suo

293 1139 403 1181 loco.
1710 1155 1713 1159 ·
1774 1177 1777 1179 ,
1871 1153 1910 1186 15

355 1211 426 1251 De
447 1209 533 1252 alio
555 1224 659 1251 vero
681 1216 805 1251 motu
832 1209 1169 1251 Commentator
1183 1209 1328 1263 arguit
1344 1207 1748 1261 impossibilitatem
1770 1220 1850 1261 per

297 1279 517 1321 maculam
550 1280 678 1321 Lune
709 1294 794 1334 que
824 1293 998 1333 semper
1026 1285 1093 1321 est
1118 1293 1270 1320 versus
1298 1292 1392 1328 nos,
1415 1291 1550 1332 quare
1574 1277 1732 1318 faciem
1761 1289 1850 1318 non

297 1356 453 1398 mutat,
495 1363 600 1403 ergo
641 1361 720 1390 nec
762 1348 846 1389 alie
887 1347 1014 1390 stelle
1064 1355 1248 1402 propter
1299 1346 1654 1389 conformitatem
1695 1351 1851 1387 nature

297 1419 511 1474 specifice.
575 1417 651 1459 Set
684 1418 753 1459 hic
790 1424 834 1459 et
870 1418 913 1458 in
946 1418 1152 1459 omnibus
1189 1416 1283 1458 vult
1311 1415 1541 1470 Averroys
1573 1416 1693 1469 quod
1724 1414 1850 1456 stelle

297 1489 499 1529 dicantur
523 1487 724 1541 ejusdem
747 1494 903 1528 nature
930 1486 1145 1541 specifice,
1168 1492 1217 1527 ut
1244 1492 1425 1527 teneant
1448 1485 1646 1526 raciones
1677 1484 1850 1525 Aristo·
1871 1496 1932 1522 20⁷

296 1556 409 1598 telis.
474 1557 535 1597 Et
552 1556 883 1598 concedendum
903 1562 969 1597 est
991 1556 1113 1608 quod
1131 1561 1234 1596 sunt
1256 1555 1453 1608 ejusdem
1471 1560 1625 1595 nature
1646 1552 1850 1606 specifice

297 1625 563 1675 subalterne,
586 1639 674 1666 non
701 1625 1027 1680 specialissime,
1056 1631 1100 1665 et
1130 1624 1190 1664 sic
1222 1624 1356 1665 debet
1386 1623 1552 1677 exponi
1578 1628 1621 1663 et
1648 1621 1849 1677 intelligi.

298 1693 372 1736 Sic
406 1701 662 1748 pertranseo
694 1694 764 1735 hic
795 1695 985 1735 breviter
1016 1694 1258 1735 secundum
1291 1692 1560 1734 sentenciam
1592 1690 1850 1733 Aristotelis

298 1771 342 1806 et
364 1764 606 1818 Averroys‚
630 1763 832 1818 quamvis
854 1762 1140 1804 difficultates
1171 1775 1334 1816 magne
1366 1762 1452 1802 sint
1475 1761 1518 1801 in
1545 1761 1675 1802 dictis
1697 1773 1849 1801 eorum

297 1835 412 1876 circa
451 1835 558 1875 istos
596 1835 706 1875 duos
742 1839 901 1882 motus,
946 1838 990 1874 et
1031 1838 1176 1887 preter
1208 1831 1290 1873 hec
1332 1837 1524 1885 tangunt
1559 1830 1630 1871 hic
1672 1843 1849 1871 causam
1871 1849 1909 1883 ²5

297 1903 626 1945 scintillacionis
662 1902 887 1943 stellarum
931 1902 987 1943 ad
1016 1901 1371 1943 confirmandum
1414 1901 1534 1942 dicta
1575 1913 1667 1951 sua,
1708 1905 1752 1940 et
1795 1899 1850 1940 de

298 1972 471 2014 macula
494 1972 619 2013 Lune
643 1972 836 2026 loquitur
864 1972 1093 2025 Averroys
1122 1971 1269 2024 aliqua
1299 1984 1384 2024 que
1409 1969 1576 2010 habent
1605 1968 1850 2010 dubitacio—

297 2056 413 2083 nem.
477 2041 556 2083 Set
597 2042 701 2095 quia
742 2042 891 2083 omnia
932 2041 1037 2082 volo
1073 2053 1297 2094 exponere
1339 2039 1446 2081 locis
1487 2038 1591 2088 suis,
1631 2038 1731 2080 ideo
1773 2036 1849 2080 fiet

297 2125 441 2152 sermo
465 2111 520 2152 de
541 2110 722 2165 singulis
744 2111 922 2164 quando
945 2111 1025 2151 erit
1049 2110 1302 2164 expediens-

360 2239 383 2293 <
396 2236 643 2291 Capitulum
666 2236 878 2278 decimum
900 2235 951 2276 de
962 2236 1119 2290 figura
1139 2233 1411 2287 stellarum.)
1439 2227 1441 2229 μ
1509 2273 1517 2282 ,
1869 2255 1910 2288 30

359 2329 691 2383 Consequenter
712 2329 910 2383 queritur
935 2329 992 2370 de
1015 2327 1154 2382 figura
1186 2326 1428 2377 stellarum,
1452 2331 1497 2366 et
1519 2324 1718 2367 ostendit
1740 2322 1844 2365 Ari-

297 2398 478 2440 stoteles
501 2398 619 2451 quod
641 2398 808 2452 sperica
830 2397 968 2452 figura
987 2396 1183 2438 maxime
1205 2395 1409 2438 convenit
1431 2394 1501 2444 eis,
1517 2394 1620 2448 quia
1643 2407 1742 2435 cum
1758 2407 1846 2435 non

297 2467 464 2509 habent
496 2474 667 2508 motum
702 2473 868 2508 rectum
910 2480 998 2508 non
1041 2466 1205 2507 debent
1245 2465 1410 2506 habere
1447 2464 1630 2518 figuram
1665 2469 1844 2505 rectam.

300 2537 432 2587 Item,
455 2542 636 2590 propter
668 2535 1027 2577 immobilitatem
1060 2535 1185 2576 istius
1217 2533 1356 2588 figure
1387 2534 1443 2575 de
1475 2533 1572 2574 loco
1604 2533 1660 2574 ad
1683 2532 1844 2584 locum,

298 2606 402 2659 quia
437 2619 565 2659 spera
598 2606 805 2648 continue
845 2611 1047 2647 movetur
1084 2605 1126 2645 in
1161 2604 1260 2646 loco
1295 2604 1452 2645 eodem
1485 2608 1529 2644 et
1560 2602 1673 2644 circa
1699 2600 1843 2643 locum
1865 2617 1906 2650 35

347 2754 395 2783 10,
419 2747 466 2779 16,
488 2755 526 2783 27
552 2746 758 2787 Averroys]
776 2745 813 2777 de
831 2745 903 2778 Cclo
919 2749 946 2776 cl
963 2745 1095 2777 Mundo
1112 2746 1143 2776 ii.
1166 2746 1217 2785 48.
1238 2755 1280 2784 49
1297 2755 1417 2775 comm.
