1945 3079
128 1155 261 1190 O.1b.

144 2197 272 2238 9tb1.

993 68 1078 111 310

265 184 310 231 5⁰
352 175 626 217 Pleisicorum
668 173 921 214 affirmatur.
1000 171 1092 221 Set,
1135 177 1182 212 ut
1224 169 1492 212 Aristoteles
1532 168 1628 210 vult
1670 167 1814 221 primo

271 246 362 288 Celz·
389 251 432 286 et
460 243 637 293 Mundi,
669 250 713 285 et
745 243 974 294 Averroys
1004 240 1190 294 exponit
1222 246 1266 281 et
1299 240 1454 280 asserit
1486 238 1606 291 quod
1640 237 1722 278 hec
1747 237 1813 278 di-

267 316 449 359 versitas
473 321 674 355 motuum
697 319 763 353 est
787 325 947 366 magna
969 317 1148 365 propter
1169 310 1473 351 diversitatem
1497 308 1815 362 magnitudinis

269 392 403 434 mote,
445 384 548 438 quia
590 396 690 434 una,
731 381 909 429 scilicet,
954 387 1020 421 est
1063 385 1182 421 recta
1216 379 1474 420 naturaliter
1515 385 1560 420 et
1599 384 1816 420 rectarum

268 454 594 496 dimensionum
628 458 677 493 ut
718 451 1000 498 elementum,
1037 455 1081 491 et
1122 448 1210 490 alia
1251 449 1540 490 rotundarum
1573 454 1624 490 ut
1658 446 1855 495 celum,5

270 524 371 565 licet
394 537 481 564 non
503 523 559 564 sit
582 521 709 563 facile
737 520 969 562 ostendere
998 518 1246 573 cujusmodi
1276 517 1463 571 figuram
1491 524 1660 559 rectam
1682 516 1819 558 habet
1935 561 1937 572 Ι

269 594 550 644 elementum,
581 598 625 633 et
654 604 788 645 quam
821 590 952 631 debet
984 589 1146 630 habere
1177 588 1297 641 quod
1330 578 1611 637 elementum,
1647 588 1703 629 de
1734 600 1820 641 qua
1932 580 1937 627 l,

270 663 486 718 posterius
508 667 575 704 est
596 659 974 703 considerandum.
1935 656 1938 695 ὲ

334 733 459 783 Item,
482 731 583 772 licet
606 744 765 784 corpus
794 734 964 770 rectum
987 734 1135 782 potest
1165 727 1330 768 moveri
1355 734 1479 769 motu
1503 725 1710 778 circulari,
1733 739 1822 767 non

273 811 425 845 tamen
466 815 523 842 ex
565 806 722 841 natura
758 813 837 840 sua
870 805 937 839 set
974 797 1306 839 accidentaliter
1342 803 1386 838 et
1429 784 1576 851 preter
1617 802 1822 838 naturam
1842 807 1883 830 10

275 871 541 926 specificam,
566 871 669 923 quia
690 883 847 923 corpus
865 867 1059 922 simplex
1078 880 1167 908 non
1189 873 1339 920 potest
1356 866 1519 908 habere
1540 866 1652 907 duos
1675 871 1823 907 motus

275 940 493 983 naturales
515 940 711 980 diversos
734 939 776 978 in
799 938 956 992 specie.
1022 937 1216 990 Oportet
1239 937 1357 978 enim
1379 937 1622 978 secundum
1645 935 1824 976 Aristo-

276 1008 408 1051 telem
452 1014 496 1049 et
538 1007 763 1059 Averroys
804 1006 947 1059 primo
995 1003 1086 1046 Celz‘
1118 1011 1160 1045 et
1195 1003 1365 1061 Mundi
1397 1003 1518 1057 quod
1554 1017 1612 1044 ex
1653 1002 1828 1044 diversa

279 1086 434 1120 natura
455 1076 655 1132 specifica
680 1080 914 1116 causentur
941 1080 1086 1115 motus
1119 1073 1276 1115 diversi
1303 1073 1346 1114 in
1375 1073 1534 1127 specie,
1557 1078 1829 1132 quapropter

279 1148 449 1203 corpori
482 1152 602 1188 recto
636 1146 716 1186 erit
750 1150 898 1186 motus
941 1143 1161 1186 circularis
1197 1144 1491 1186 accidentalis.
1555 1141 1634 1185 Set
1661 1140 1667 1196 Ι
1695 1149 1829 1185 omne
1848 1156 1888 1189 15

276 1216 549 1261 accidentale
595 1215 818 1256 reducitur
869 1215 925 1256 ad
977 1213 1155 1268 aliquod
1208 1214 1456 1255 essenciale.
1521 1213 1657 1268 Quod
1711 1212 1828 1253 enim

276 1288 435 1330 accidit
458 1287 545 1336 uni,
568 1291 745 1340 oportet
767 1284 888 1337 quod
911 1284 967 1325 sit
985 1284 1222 1325 essenciale
1244 1284 1384 1335 alteri,
1408 1291 1457 1326 ut
1479 1283 1572 1325 vult
1597 1282 1830 1336 Averroys
1935 1327 1938 1336 1

277 1358 421 1411 primo
446 1355 595 1399 Celz‘et
605 1354 775 1395 Mundi
795 1360 839 1396 et
861 1368 918 1395 ex
940 1353 1236 1408 Metaphz‘sz‘ca
1254 1354 1537 1396 manifestum
1561 1359 1640 1405 est,
1654 1366 1831 1395 omnes·
1934 1361 1938 1385 ¹

283 1441 369 1480 que
400 1426 484 1467 hoc
516 1425 764 1468 concedunt
786 1425 906 1478 quod
932 1437 1067 1466 omne
1098 1424 1301 1466 accidens
1324 1424 1546 1466 reducitur
1570 1425 1626 1466 ad
1650 1423 1831 1478 aliquod

284 1511 361 1552 per
381 1511 427 1538 se
449 1502 493 1537 et
516 1495 763 1537 essenciale.
828 1496 951 1548 Ergo
983 1500 1130 1535 motus
1159 1493 1380 1536 circularis
1407 1495 1490 1536 erit
1516 1494 1763 1536 necessario
1790 1493 1833 1534 in
1853 1500 1895 1523 ²0

285 1566 434 1619 aliquo
470 1579 653 1618 corpore
687 1565 859 1606 diverso
897 1564 1138 1606 secundum
1175 1564 1366 1619 speciem
1408 1579 1434 1606 a
1476 1577 1660 1617 corpore
1696 1569 1832 1605 recto.

289 1637 403 1677 Item
427 1634 596 1676 nullum
619 1633 891 1676 accidentale
912 1640 978 1675 est
1000 1641 1279 1688 perpetuum,
1301 1640 1349 1676 ut
1375 1641 1602 1675 ostensum
1625 1640 1692 1676 est
1715 1633 1834 1688 prius

289 1719 367 1760 per
387 1705 678 1746 Aristotelem
700 1703 744 1743 8⁰
760 1703 1056 1746 Plzisicorum.
1111 1704 1264 1746 Motus
1281 1711 1431 1745 autem
1449 1704 1670 1746 circularis
1687 1708 1836 1757 potest

289 1775 549 1829 perpetuari,
572 1781 619 1815 ut
642 1774 844 1815 videmus
868 1774 910 1814 in
933 1773 1028 1815 celo
1045 1774 1138 1815 sine
1156 1774 1492 1828 interrupcione.
1548 1773 1836 1828 Quapropter

289 1856 377 1883 non
405 1842 486 1884 erit
508 1841 648 1882 solum
673 1840 970 1892 accidentalis,
993 1846 1061 1882 set
1089 1841 1123 1882 si
1149 1841 1223 1882 uni
1253 1841 1427 1894 corpori
1449 1847 1516 1883 est
1539 1840 1836 1890 accidentalis,
1858 1858 1897 1890 25

289 1912 369 1953 erit
386 1911 510 1952 alteri
534 1910 795 1961 essencialiS,
816 1910 941 1952 alteri
963 1910 1064 1951 dico
1086 1911 1329 1952 secundum
1351 1912 1555 1965 speciem.

351 1981 465 2022 Item
507 1993 665 2034 corpus
697 1979 902 2021 circulare
933 1987 998 2021 est
1030 1980 1204 2034 dignius
1236 1994 1370 2034 quam
1405 1987 1572 2022 rectum
1606 1987 1649 2022 et
1693 1986 1840 2022 motus

291 2050 512 2091 circularis
542 2063 675 2102 quam
705 2055 863 2100 rectus,
885 2050 988 2103 quia
1017 2048 1255 2103 perfeccior
1281 2056 1347 2091 est
1375 2050 1633 2091 naturaliter
1658 2056 1841 2104 propter

293 2119 622 2174 perfeccionem,
659 2132 762 2173 ergo
797 2119 832 2159 si
874 2132 1033 2172 corpus
1072 2126 1241 2160 rectum
1284 2125 1350 2160 est
1392 2119 1436 2160 in
1475 2120 1643 2160 mundo
1685 2126 1840 2161 natum

295 2188 458 2229 moveri
492 2195 614 2229 motu
648 2194 780 2237 recto,
802 2195 979 2242 oportet
1008 2188 1128 2241 quod
1154 2186 1159 2242 Ι
1190 2202 1320 2230 omne
1353 2200 1511 2242 corpus
1545 2188 1754 2230 circulare
1785 2189 1841 2230 sit
1861 2162 1941 2646 304

1940 2948 1942 2969 Ι

343 2350 356 2370 1
384 2341 638 2382 Phisicorum]
656 2352 686 2372 v.
708 2342 758 2372 18.
895 2351 914 2371 2
940 2343 1020 2373 Geli
1037 2346 1074 2373 et
1091 2341 1245 2382 Mundi]
1264 2341 1284 2374 i.
1302 2351 1331 2381 5.
1472 2350 1512 2380 13
1535 2343 1617 2373 celi
1632 2345 1671 2373 et
1687 2341 1844 2383 Mundi]

296 2393 314 2423 i.
336 2401 367 2432 5.
509 2393 547 2423 18
571 2395 701 2425 cenet
718 2393 873 2434 Mundi]
892 2394 912 2424 i.
934 2405 983 2432 14.
1120 2404 1162 2434 23
1186 2393 1445 2435 Phisicorum]
1462 2393 1528 2432 viij.
1549 2403 1600 2433 74.

346 2552 359 2572 1
386 2542 589 2584 affirmatur]
622 2544 764 2574 affirmat
798 2542 828 2573 O
991 2553 1010 2573 2
1036 2543 1127 2583 quod
1159 2553 1224 2574 om.
1260 2542 1290 2573 O
1455 2553 1476 2582 3
1502 2542 1642 2584 magna]
1674 2543 1782 2583 magis
1814 2542 1846 2574 O

299 2596 361 2635 6-7
379 2595 481 2626 habet
495 2619 503 2626 .
519 2619 545 2626 ..
562 2594 705 2636 habere]
723 2595 845 2626 debeat
855 2594 1063 2626 elementum
1077 2596 1215 2635 habere,
1229 2600 1263 2626 et
1276 2605 1377 2634 quam
1392 2595 1534 2634 figuram
1550 2594 1581 2625 O
1679 2605 1700 2635 9
1716 2595 1848 2636 potest]

299 2647 407 2686 possit
426 2646 456 2677 O
547 2646 633 2688 non]
652 2647 715 2677 hoc
734 2657 802 2677 non
822 2646 853 2677 O
983 2657 1021 2678 10
1043 2646 1175 2688 preter]
1193 2652 1308 2687 preter
1325 2647 1398 2686 ejus
1414 2645 1445 2677 Ο
1571 2657 1608 2686 17
1632 2647 1740 2689 quod]
1761 2653 1796 2679 ut
1815 2647 1847 2678 O

298 2698 414 2740 alteri]
430 2698 486 2729 alii
505 2698 536 2729 Ο
626 2704 661 2729 ut
678 2698 766 2740 vult]
784 2699 974 2729 secundum
994 2698 1025 2729 Ο
1114 2709 1159 2730 20
1183 2698 1234 2740 et]
1253 2704 1286 2730 et
1303 2710 1383 2730 corr.
1405 2704 1457 2730 est
1476 2698 1507 2729 O
1597 2701 1639 2730 28
1655 2699 1849 2740 perfeccior

300 2750 368 2792 est]
386 2750 572 2791 perfectius
594 2757 646 2783 est
663 2756 696 2782 et
715 2752 843 2792 primus
863 2750 893 2781 O
1027 2762 1070 2792 30
1094 2761 1197 2784 omne
1216 2776 1221 2783 .
1241 2776 1247 2783 .
1271 2777 1276 2783 .
1294 2751 1354 2793 sit]
1371 2751 1413 2783 sit
1431 2761 1557 2792 corpus
1574 2753 1736 2784 circulare
1756 2753 1787 2785 Ο
