1945 3079
803 131 887 174 433

79 235 223 289 ipsum
248 233 409 275 mobile
431 239 506 274 aut
529 233 763 286 quiescere,
784 238 861 274 aut
886 233 1047 274 moveri
1077 239 1250 274 tantum
1274 246 1360 274 uno
1385 238 1521 285 motu,
1543 239 1618 274 aut

77 302 205 344 simul
228 316 323 344 esse
346 302 388 342 in
411 302 591 343 diversis
614 301 730 343 locis.

137 370 375 412 Sciendum
415 370 547 425 igitur
583 371 700 424 quod
744 385 844 412 cum
887 371 1071 412 dicimus
1108 384 1291 426 corpora
1333 370 1511 413 celestia
1551 370 1620 411 vel

77 439 257 492 aliquod
281 439 445 481 mobile
466 439 538 480 hic
560 439 736 480 inferius
760 441 925 480 moveri
948 440 1076 481 simul
1098 440 1295 494 pluribus
1318 441 1524 489 motibus,
1547 445 1624 481 aut

41 520 58 553 5
79 507 238 550 salsum
257 508 459 558 dicimus,
474 514 551 549 aut
575 508 882 562 intelligendus
905 514 970 550 est
993 522 1136 550 sermo
1156 509 1380 550 referendo
1398 510 1454 550 ad
1479 509 1623 562 plures

79 576 278 629 ejusdem
302 583 512 629 motores‚
534 577 711 627 scilicet,
739 578 772 617 si
795 578 984 619 discrete
1006 584 1050 619 et
1071 577 1306 632 separatim
1332 584 1623 619 moverentur.

82 645 194 687 Cum
213 646 327 686 enim
347 659 432 686 una
448 646 588 686 virtus
606 646 852 699 composita
870 660 926 686 ex
944 646 1180 687 virtutibus
1199 646 1386 700 plurium
1404 653 1623 688 motorum

80 715 289 768 recipitur
310 713 607 766 immobiliter,
624 729 701 756 nec
726 722 928 756 movetur
951 715 1113 756 mobile
1132 722 1256 756 motu
1273 715 1341 755 vel
1364 722 1546 756 causato
1569 715 1625 756 ab

81 796 169 824 uno
201 789 372 824 motore
404 796 481 825 nec
513 783 569 824 ab
601 784 699 834 alio,
721 789 788 824 set
822 789 944 825 motu
977 785 1170 838 quodam
1197 785 1253 824 ab
1283 784 1346 825 eis
1376 784 1547 825 diverso
1580 790 1624 825 et

23 870 62 892 10
80 852 206 905 quasi
228 853 491 907 composito.
548 853 680 894 Unde
698 866 785 893 non
808 860 875 894 est
899 866 1055 907 corpus
1077 853 1250 904 celeste,
1267 858 1412 906 preter
1433 853 1625 907 primum

80 921 247 972 orbem,
283 922 402 975 quod
438 928 667 963 moveatur
705 921 982 970 circulariter,
1020 922 1102 962 nisi
1141 922 1258 963 dicto
1296 922 1430 963 modo
1470 921 1626 962 intelli-

80 996 222 1044 gatur,
244 1003 345 1031 cum
376 991 525 1032 omnia
547 1005 573 1032 a
600 991 799 1045 pluribus
833 992 1078 1033 motoribus
1111 1005 1241 1044 super
1273 991 1399 1045 polos
1430 991 1628 1032 diversos

82 1065 370 1110 moveantur3
418 1061 556 1101 immo
594 1073 748 1101 omnes
786 1060 963 1115 planete
1001 1067 1045 1101 et
1082 1060 1207 1101 stelle
1249 1059 1338 1101 fixe
1380 1059 1628 1101 describunt

80 1142 241 1183 speras,
273 1141 364 1170 non
401 1129 624 1180 circulum,
654 1130 903 1184 cujusmodi
940 1129 1127 1184 figuram
1167 1130 1433 1184 descriptam
1470 1134 1630 1170 vocant

25 1215 62 1248 15
81 1197 257 1238 Arabes
279 1201 287 1217 ‘
305 1197 466 1239 lealeth
482 1197 506 1240 ’.

142 1265 190 1308 Si
213 1266 343 1320 igitur
374 1268 640 1321 recipiuntur
671 1268 713 1308 in
736 1267 885 1309 mobili
913 1268 1024 1310 alico
1056 1268 1225 1310 diverse
1251 1268 1433 1309 virtutes
1466 1267 1632 1308 motive

83 1349 213 1389 super
249 1349 382 1377 unam
419 1336 579 1378 lineam
618 1344 796 1387 rectam,
828 1337 897 1379 vel
939 1352 1072 1392 super
1115 1337 1302 1378 eundem
1342 1336 1549 1377 circulum
1588 1336 1631 1375 in

82 1405 323 1446 contrarias
355 1412 515 1460 partes,
538 1412 582 1447 et
609 1407 767 1447 fuerint
789 1406 978 1459 equales,
1002 1420 1089 1448 non
1124 1406 1384 1458 movebitur,
1406 1406 1483 1446 sed
1507 1405 1630 1458 quie-

83 1480 190 1516 scet.
255 1473 302 1515 Si
345 1475 581 1529 inequales,
625 1476 875 1517 movebitur
912 1477 966 1517 ad
1008 1482 1180 1529 partem
1224 1474 1344 1516 illam
1389 1475 1445 1515 ad
1498 1487 1632 1527 quam

25 1561 66 1584 20
84 1543 251 1584 motiva
272 1544 409 1584 virtus
431 1550 497 1586 est
524 1544 694 1595 forcior,
716 1545 883 1586 tardius
906 1551 1055 1586 tamen
1078 1558 1213 1598 quam
1236 1544 1271 1584 si
1298 1542 1392 1584 sola
1423 1549 1631 1584 moveret.

142 1610 190 1653 Si
208 1619 356 1654 autem
371 1613 458 1654 sint
481 1613 645 1654 motive
667 1628 798 1667 super
811 1614 1006 1655 diversas
1020 1613 1157 1654 lineas
1180 1618 1332 1663 rectas,
1354 1611 1423 1654 vel
1440 1612 1634 1653 diversos

76 1681 282 1729 circulos,
297 1683 387 1723 sive
401 1682 586 1724 virtutes
605 1690 832 1724 moventes
848 1683 937 1724 sive
952 1683 1040 1723 sint
1054 1683 1246 1736 equales,
1261 1682 1370 1737 <sive
1382 1680 1638 1734 inequales)

87 1750 176 1791 sive
198 1750 255 1791 ad
278 1751 464 1792 eandem
488 1757 661 1804 partem
693 1752 869 1803 motive,
892 1751 982 1792 sive
1010 1753 1067 1792 ad
1097 1751 1302 1798 diversas,
1325 1764 1414 1790 non
1443 1750 1637 1803 quiescet

88 1818 263 1868 mobile,
285 1826 353 1861 set
377 1820 624 1861 movebitur
654 1834 741 1861 uno
767 1828 903 1870 motu,
926 1826 974 1861 ut
1003 1820 1171 1861 dictum
1198 1825 1290 1871 est;
1323 1826 1367 1860 et
1394 1818 1466 1859 ille
1489 1824 1637 1860 motus

27 1907 65 1938 25
87 1888 452 1930 diversificabitur
495 1891 738 1931 secundum
781 1889 1080 1943 pluralitatem
1123 1895 1357 1936 motorum,
1400 1894 1443 1929 et
1485 1901 1635 1929 eorum

86 1959 391 2000 diversitatem
428 1965 470 1999 et
522 1959 799 2000 debilitatem
851 1965 895 2000 et
936 1957 1241 2000 fortitudinem
1293 1963 1337 1999 et
1388 1957 1635 1999 secundum

88 2028 389 2069 diversitatem
433 2029 628 2082 parcium
671 2029 726 2069 ad
769 2042 878 2081 quas
920 2034 1020 2069 sunt
1064 2028 1241 2068 motive.
1315 2027 1443 2068 Patet
1471 2025 1476 2081 Ι
1503 2026 1636 2080 igitur

87 2097 251 2139 solucio
285 2097 398 2138 illius
430 2098 626 2139 racionis.

151 2239 432 2294 <Capitulum
476 2247 567 2294 13⁰³.
631 2240 682 2280 de
721 2238 946 2281 ecentrz‘cz's
986 2245 1028 2280 et
1061 2237 1243 2292 epz'cz‘clz‘s
1284 2237 1458 2279 orbibus
1483 2238 1636 2291 plane-

30 2323 71 2355 30
89 2310 283 2364 tarum.)

149 2401 482 2455 consequenter
518 2401 713 2455 queritur
746 2401 802 2441 de
844 2399 1015 2440 circulis
1058 2405 1101 2440 et
1140 2399 1332 2440 motibus
1368 2412 1479 2452 quos
1513 2398 1639 2452 ponit

91 2470 378 2512 Ptholomeus
406 2471 449 2512 in
481 2471 674 2520 orbibus,
696 2469 902 2510 videlicet
934 2470 989 2510 de
1021 2469 1258 2517 ecentricis‚
1280 2467 1485 2521 epiciclis‚
1507 2475 1640 2521 atque

91 2539 284 2593 ipsorum
315 2540 358 2580 in
392 2540 498 2594 ipsis
531 2539 806 2593 planetarum
840 2538 1044 2579 motibus.
1108 2538 1252 2578 Primo
1275 2537 1407 2590 igitur
1428 2537 1638 2590 supponi-

92 2621 190 2649 mus
221 2608 445 2662 planetam
479 2622 567 2650 non
602 2608 766 2649 moveri
796 2621 874 2661 per
906 2620 963 2655 se,
985 2613 1051 2647 set
1082 2605 1225 2647 solum
1260 2619 1337 2658 per
1370 2611 1541 2646 motum
1573 2605 1640 2645 sui

31 2695 70 2728 35
91 2677 224 2719 orbis.
285 2677 434 2720 Aliter
462 2678 576 2718 enim
615 2677 834 2718 accideret
868 2689 1026 2730 corpus
1060 2675 1140 2717 celi
1179 2689 1273 2716 esse
1309 2674 1534 2724 divisibile,
1571 2673 1641 2715 vel

136 2811 179 2841 23
203 2801 373 2842 diversas]
391 2801 545 2833 diversos
562 2801 604 2831 M

141 2872 144 2874 ’
159 2881 186 2899 R.
196 2881 223 2898 B.
237 2881 263 2898 ιν
833 2864 863 2896 G
885 2869 914 2909 g

1658 2034 1720 2068 126
1737 2036 1758 2068 b
1777 2046 1806 2067 2.
