1945 3079
797 103 879 146 349

37 203 135 238 'tur
183 211 312 252 super
345 212 477 239 unum
523 214 655 242 axem
699 204 1039 246 determinatum
1083 221 1214 261 super
1251 223 1384 250 unum
1424 217 1608 263 motum,

65 273 213 308 tamen
237 268 448 321 possibile
479 274 545 310 est
578 270 719 323 ipsum
755 274 919 313 moveri
950 277 1190 317 secundum
1223 278 1332 319 alios
1361 293 1479 329 axes,
1504 283 1608 334 quia

65 335 359 377 indifferenter
389 351 435 378 se
466 337 600 379 habet
629 340 685 380 ad
721 348 892 382 motum
926 347 1167 386 secundum
1200 348 1441 400 quemlibet
1474 364 1605 391 axem

63 419 121 446 ex
157 419 215 446 se.
280 406 585 460 Multipliciter
624 409 807 451 solvitur
847 411 942 453 aliis
986 415 1128 456 modis
1169 415 1250 457 hec
1293 417 1499 471 objeccio‚
1540 425 1607 460 set

25 492 44 525 5
63 474 307 516 soluciones
330 489 417 516 non
446 476 650 518 videntur
680 479 812 521 michi
842 481 1119 534 sufficientes,
1142 498 1220 525 nec
1250 485 1352 527 volo
1374 487 1607 540 cujuslibet

62 544 315 598 opinionem
337 545 596 600 improbare.

123 612 171 654 Si
192 628 296 654 vero
320 614 537 656 obiciatur
553 617 670 669 quod
694 631 794 670 pars
816 620 981 673 sperica
1002 622 1081 662 celi
1105 629 1171 663 est
1195 637 1349 677 corpus
1372 625 1483 665 sicut
1507 639 1608 678 pars

64 682 297 735 angularis,
337 696 442 736 ergo
484 685 595 726 sicut
638 700 723 726 non
772 689 931 730 accidit
974 690 1282 732 inconveniens
1323 707 1399 746 per
1435 700 1607 748 partem

63 753 276 805 spericam
300 753 361 794 sic
392 766 472 793 nec
504 767 582 807 per
610 756 879 808 angularem,
902 771 1001 799 cum
1034 766 1221 812 utraque
1251 761 1412 802 habeat
1444 763 1604 803 trinam

5 836 43 858 10
63 821 377 863 dimensionem
400 835 408 862 :
442 823 676 864 dicendum
700 827 819 877 quod
839 826 1026 868 multum
1052 828 1210 870 differt.
1256 830 1373 871 Nam
1392 833 1606 884 corporie-

62 896 131 931 tas
154 890 293 944 partis
315 892 481 944 sperice
505 898 571 933 est
593 907 743 934 versus
768 895 947 935 interius
966 896 1046 937 celi
1069 903 1112 938 et
1134 911 1221 939 non
1247 906 1446 953 respectu
1465 906 1605 952 extra,

62 973 165 1000 nam
194 965 323 1000 extra
356 973 442 1001 non
479 960 613 1003 habet
650 963 730 1003 nisi
767 965 985 1006 racionem
1023 967 1265 1020 superficiei
1299 983 1384 1022 que
1415 983 1501 1010 non
1540 977 1606 1011 est

61 1034 163 1070 nata
183 1042 260 1082 per
280 1043 327 1070 se
344 1036 470 1081 stare,
493 1044 571 1071 nec
590 1030 735 1073 locum
754 1033 932 1087 replere,
947 1035 1049 1088 quia
1072 1049 1160 1076 non
1179 1036 1313 1078 habet
1330 1039 1604 1091 corporalem

60 1098 408 1151 profunditatem
440 1097 444 1156 Ι
472 1114 549 1153 per
579 1115 712 1155 quam
746 1109 811 1144 est
844 1104 1030 1157 replecio
1063 1106 1157 1146 loci.
1221 1107 1298 1148 Set
1331 1122 1430 1161 pars
1467 1123 1604 1163 angu-
1624 1118 1665 1151 Ο.
1689 1117 1726 1149 16
1744 1118 1776 1150 b.

4 1179 40 1211 15
61 1167 161 1209 laris
202 1168 337 1211 habet
378 1172 649 1225 corporalem
690 1174 1012 1217 dimensionem
1053 1184 1194 1229 extra,
1231 1185 1275 1220 et
1321 1180 1420 1221 ideo
1460 1180 1605 1222 locum

61 1238 200 1290 replet
241 1241 531 1292 corporalem,
576 1255 710 1295 quare
752 1244 967 1287 accideret
1014 1247 1280 1300 possibilitas
1322 1250 1378 1289 ad
1419 1264 1605 1291 vacuum

60 1307 179 1360 quod
203 1321 297 1349 esse
325 1307 330 1364 1
358 1322 446 1350 non
470 1317 630 1364 potest,
1630 1339 1689 1361 101
1711 1331 1733 1362 b
1755 1340 1781 1361 2.

125 1478 370 1533 Capitulzmz
393 1489 462 1536 3¹¹².
528 1484 785 1539 <defigursz
804 1489 1154 1543 elementorum).

99 1582 297 1638 ‚Deinde
328 1586 692 1629 considerandum
724 1595 790 1630 est
823 1591 877 1631 de
910 1591 1059 1645 figuris
1093 1593 1409 1636 elementorum
1442 1602 1485 1637 et
1514 1597 1606 1651 jam

3 1672 43 1694 20
62 1658 188 1705 patet
209 1654 329 1706 quod
354 1663 531 1708 oportet
561 1658 679 1711 quod
705 1659 818 1714 ignis
846 1660 1010 1702 habeat
1039 1663 1313 1716 superficiem
1340 1667 1606 1708 exteriorem

61 1735 308 1764 convexam
327 1725 541 1778 spericam
561 1735 742 1781 propter
765 1730 1087 1772 concavitatem
1111 1733 1324 1786 spericam
1349 1734 1440 1776 celi.
1486 1736 1604 1775 Nam

0 1799 1 1819 ἒ
62 1792 97 1832 εἰ
130 1799 247 1834 θεεθῖ
280 1807 474 1836 concave
496 1795 634 1849 figure
664 1798 880 1841 accideret
911 1814 1112 1851 vacuum,
1136 1802 1239 1855 quia
1271 1810 1424 1845 neutra
1457 1818 1605 1858 super-

0 1859 1 1870 *
64 1858 261 1902 ficierum
294 1876 582 1906 concavarum
606 1866 686 1906 celi
720 1873 763 1907 et
794 1867 906 1921 ignis
938 1870 1134 1922 spacium
1165 1871 1352 1925 repleret
1385 1873 1498 1914 inter
1519 1887 1605 1916 eas,

63 1929 158 1971 Nec
180 1937 327 1983 potest
350 1946 445 1973 esse
474 1933 619 1987 plana,
646 1949 748 1976 nam
772 1937 927 1978 eodem
952 1939 1085 1979 modo
1109 1945 1224 1980 esset
1248 1954 1448 1994 vacuum,-
1471 1956 1607 1996 quare

0 2014 41 2047 25
62 2006 239 2052 oportet
281 2002 399 2054 quod
443 2016 693 2044 convexum
737 2005 793 2046 sit
835 2007 1057 2049 exterius:
1109 2014 1153 2049 et
1195 2022 1283 2050 non
1314 2012 1607 2066 quodcunque

0 2095 1 2112 1
61 2081 320 2120 convexum,
353 2076 420 2112 set
450 2072 681 2125 spericum,
712 2075 813 2127 quia
844 2076 988 2129 posita
1019 2078 1300 2120 convexitate
1341 2081 1606 2134 pyramidali

62 2143 139 2178 aut
170 2138 286 2178 ovali
315 2138 357 2178 in
388 2139 502 2194 igne,
524 2155 612 2181 non
644 2144 807 2196 poterit
838 2144 1004 2198 inplere
1032 2147 1355 2189 concavitatem
1377 2150 1605 2203 spericam.

65 2204 171 2247 Sola
205 2207 322 2248 enim
357 2210 617 2251 convexitas
652 2212 821 2265 sperica
853 2220 1000 2267 potest
1034 2216 1357 2258 concavitatem
1392 2218 1603 2271 spericam

62 2275 228 2329 replere
269 2291 346 2330 per
386 2285 641 2321 contactum
683 2282 889 2335 undique.
954 2283 1068 2325 Item
1111 2285 1221 2338 ignis
1256 2293 1370 2328 esset
1412 2288 1524 2341 ignis
1570 2289 1605 2328 si

0 2358 44 2392 30
63 2349 214 2385 tamen
247 2346 379 2387 nichil
413 2355 528 2390 esset
559 2355 695 2398 extra,
728 2363 832 2404 ergo
865 2352 898 2392 si
937 2354 1119 2395 omnino
1149 2356 1391 2396 secundum
1425 2371 1471 2397 se
1502 2370 1605 2398 con-

63 2413 293 2465 sideratur,
312 2429 362 2457 ac
382 2416 417 2458 si
433 2416 566 2458 nichil
584 2425 696 2460 esset
713 2426 853 2467 extra,
870 2427 1094 2474 oporteret
1111 2430 1293 2477 propter
1308 2425 1605 2477 privacionem

62 2484 201 2540 vacui,
244 2491 287 2525 et
320 2486 657 2537 possibilitatem
694 2489 749 2530 ad
776 2490 935 2544 ipsum,
971 2493 1091 2544 quod
1128 2499 1243 2534 esset
1280 2500 1408 2535 extra
1439 2496 1606 2549 sperice

110 2636 124 2656 1
150 2637 255 2667 super
270 2628 345 2670 ala]
363 2631 548 2661 secundum
570 2631 601 2662 O
747 2635 768 2664 6
791 2633 1005 2676 opinionem]
1023 2635 1235 2675 posicionem
1255 2636 1285 2667 O
1438 2647 1472 2668 11
1501 2639 1607 2678 partis

62 2688 130 2710 om.
147 2678 190 2709 M
306 2682 344 2711 16
368 2681 495 2724 replet]
513 2684 657 2723 requirit
673 2683 716 2714 M
801 2686 1034 2728 corporalem]
1051 2688 1276 2728 corporaliter
1294 2689 1325 2719 O
1443 2691 1481 2720 18
1507 2691 1605 2730 Capi-

63 2729 170 2760 tulum
186 2732 231 2770 3m
248 2741 312 2763 om.
333 2732 364 2763 Ο
489 2745 529 2774 24
556 2735 628 2766 Nec
645 2760 653 2768 .
674 2762 679 2768 .
697 2761 705 2768 .
726 2737 843 2779 plana]
863 2739 950 2769 Nam
970 2740 1069 2778 plana
1087 2744 1203 2779 posset
1220 2750 1297 2771 esse
1315 2740 1345 2771 O
1457 2742 1498 2771 28
1524 2743 1606 2774 Sola

64 2806 70 2813 .
89 2805 96 2813 .
118 2783 329 2825 .⁴spericam]
350 2784 390 2815 Et
407 2785 450 2815 M
