1945 3079
1023 67 1108 110 334

294 182 384 214 tem
419 178 619 212 motuum
659 183 791 224 super
821 184 959 222 arcuS,
993 176 1098 212 tunc
1130 185 1230 213 curn
1262 171 1379 213 idem
1413 173 1501 214 sint
1532 173 1708 214 termini
1740 174 1846 227 dya-
1886 172 1889 175 ’
1936 216 1938 225 ,

296 249 448 291 metro,
471 255 575 295 ergo
603 241 892 282 contrarietas
915 246 1117 282 motuum
1147 255 1280 295 penes
1311 255 1460 283 arcum
1493 248 1537 283 et
1564 243 1845 295 dyametrum

294 318 439 353 essent
462 311 667 353 contrarii
685 311 798 352 sicut
812 324 947 364 penes
965 324 1089 352 arcus
1107 311 1316 362 diversos,
1335 317 1377 352 et
1400 312 1461 352 ita
1483 313 1846 366 augmentabitur

296 380 549 435 inpossibile
581 380 676 431 hoc,
712 380 890 428 scilicet,
923 381 1043 434 quod
1082 380 1209 435 plura
1241 381 1314 421 uni
1349 381 1735 428 contrariabuntur
1770 396 1848 437 per

295 451 483 493 eandem
507 456 708 492 naturam
732 450 1067 501 contrarietatis,
1085 451 1205 503 quod
1229 457 1295 491 est
1318 451 1596 505 inpossibile..
1653 452 1782 503 Item,
1798 458 1847 493 ut
1867 470 1886 503 5

294 521 388 562 vult
412 521 678 562 Aristoteles
699 521 764 561 Xto
792 519 1118 573 flffetlzaplzz'sz'ce,
1142 520 1431 562 contrarietas
1452 521 1645 574 quedam
1675 522 1847 562 dimen-

293 591 362 632 cio
404 597 471 632 est
507 590 635 631 unius
669 589 957 632 dimencionis
991 590 1082 630 duo
1124 595 1225 630 sunt
1265 593 1469 631 extrema
1506 591 1700 645 propria,
1744 603 1848 645 ergo

295 660 528 715 cujuslibet
558 660 880 702 contrarietatis
905 665 1008 700 sunt
1030 660 1119 700 duo
1145 659 1324 714 propria
1353 666 1582 712 extrema;
1614 669 1725 715 ergo'
1746 664 1846 702 cum‘

296 730 368 772 hic
389 744 477 772 non
500 737 602 772 sunt
625 730 705 771 nisi
724 730 813 771 duo
835 736 1049 779 extrema,
1066 743 1155 770 non
1172 729 1253 771 erit
1270 729 1341 770 hic
1357 730 1439 770 nisi
1458 743 1544 770 una
1562 731 1849 772 contrarietas

296 814 430 855 penes
452 814 586 840 unam
608 799 941 849 dimensionem,
965 813 1083 854 ergo,
1105 805 1182 840 aut
1204 799 1285 840 hec
1314 799 1530 840 dimensio
1551 799 1849 841 considerabi-
1872 819 1911 844 ιο

296 877 367 911 tur
388 884 523 924 penes
545 870 829 923 dyametrum
847 876 1021 910 tantum
1044 875 1120 910 aut
1143 882 1279 922 penes
1299 882 1450 910 arcum
1470 883 1479 920 ;
1511 875 1578 910 set
1605 883 1692 910 non
1714 883 1849 924 penes

297 953 459 991 arcum,
489 940 592 993 quia
621 939 769 994 plures
795 945 909 989 sunt,
930 952 1048 992 ergo,
1071 952 1204 993 penes
1232 939 1529 993 dyametrum‚
1552 953 1654 980 cum
1682 953 1767 981 una
1793 939 1849 981 sit

295 1010 370 1051 illa
401 1010 544 1051 solum
578 1010 693 1050 inter
723 1009 804 1050 hec
836 1009 926 1049 duo
959 1015 1173 1050 extrema.
1240 1009 1366 1061 Item,
1388 1010 1603 1050 ducantur
1627 1009 1715 1050 due
1737 1008 1850 1051 linee

295 1080 615 1134 equidistantes
648 1094 674 1120 a
716 1078 915 1118 terminis
957 1078 1189 1131 dyametri,
1231 1085 1275 1119 et
1295 1073 1396 1132 'jam
1439 1079 1482 1118 in
1515 1079 1851 1131 precedentibus

298 1149 610 1199 demonstravi,
627 1154 674 1189 ut
691 1148 733 1188 in
749 1147 1133 1201 geometricalibus
1147 1148 1402 1189 necessariis
1417 1147 1546 1188 rebus
1563 1145 1850 1201 naturalibus,
1872 1167 1911 1201 ¹5

297 1219 416 1272 quod
459 1218 658 1272 spacium
701 1218 812 1258 inter
849 1216 985 1258 lineas
1018 1217 1338 1270 equidistantes
1380 1224 1447 1259 est
1488 1217 1851 1272 perpendiculare

146 1302 225 1343 971>
245 1310 273 1332 2.
298 1302 430 1341 super
458 1286 462 1343 Ι
490 1301 589 1337 eas;
620 1294 688 1329 set
724 1286 819 1328 sola
852 1287 1083 1339 dyameter
1118 1292 1185 1327 est
1219 1286 1472 1341 hujusmodi
1507 1287 1610 1340 quia
1651 1300 1730 1329 ηερ
1764 1287 1850 1329 alia

300 1358 415 1399 linea
437 1364 556 1399 recta
579 1372 656 1399 nec
679 1371 824 1408 curva,
847 1371 953 1410 ergo
972 1357 1188 1399 distancia
1210 1358 1347 1411 spacii
1369 1358 1483 1399 inter
1503 1359 1616 1400 duos
1638 1358 1851 1400 terminos

130 1439 171 1470 O.
193 1448 232 1471 10
249 1439 282 1471 b.
302 1429 409 1469 istos
431 1442 517 1470 non
542 1427 889 1469 considerabitur
905 1427 984 1468 nisi
999 1441 1078 1481 per
1095 1427 1313 1469 racionem
1342 1426 1347 1483 Ι
1377 1428 1609 1480 dyametri,
1631 1434 1698 1469 set
1715 1441 1851 1482 penes
1932 1475 1938 1479 μ

299 1499 560 1539 distanciam
607 1498 896 1538 terminorum
935 1497 1251 1538 contrariorum
1294 1497 1510 1550 accipitur
1550 1497 1850 1548 contrarietas,
1873 1484 1945 1538 ποκ

300 1581 406 1620 ergo
438 1580 524 1608 non
559 1574 705 1620 potest
737 1580 832 1608 esse
863 1567 1136 1608 contradicio
1169 1566 1490 1607 contrarietatis
1522 1567 1604 1607 nisi
1634 1580 1712 1620 per
1740 1568 1849 1619 dya-

300 1644 498 1678 metrum.
564 1637 624 1678 Et
662 1650 739 1690 per
770 1636 864 1690 jam
906 1636 1023 1676 dicta
1059 1641 1181 1690 patet
1212 1635 1349 1677 levius
1381 1637 1501 1689 quod
1542 1650 1674 1690 super
1705 1642 1850 1678 totum

299 1707 510 1748 circulum
533 1720 621 1747 non
644 1713 709 1747 est
731 1706 1015 1747 contrarietas
1044 1705 1216 1747 racione
1245 1706 1547 1757 terminorum,
1572 1714 1614 1748 et
1637 1707 1780 1761 primo
1809 1706 1851 1746 in
1888 1741 1891 1743 .

299 1777 456 1817 eodem
481 1776 651 1817 circulo.
717 1776 834 1816 Nam
866 1776 982 1816 racio
1011 1775 1335 1816 contrarietatis
1361 1789 1494 1830 penes
1521 1776 1733 1817 terminos
1761 1789 1849 1816 non

300 1853 447 1900 potest
479 1846 572 1887 dari
606 1846 687 1886 nisi
721 1846 954 1899 dyametro
986 1844 1143 1895 circuli,
1177 1851 1222 1885 ut
1255 1846 1492 1899 probatum
1524 1852 1604 1894 est,
1636 1859 1742 1900 ergo
1772 1858 1851 1886 ηερ
1872 1862 1912 1895 ²5

301 1917 384 1958 toti
407 1916 568 1957 circulo
600 1917 710 1957 sicut
741 1929 820 1956 nec
853 1916 978 1970 parti.
1044 1915 1171 1964 Item,
1203 1915 1237 1954 si
1271 1915 1428 1969 aliquis
1461 1921 1610 1956 motus
1643 1915 1716 1956 alii
1749 1928 1851 1956 con-

301 1987 505 2028 trarietur
527 1987 569 2026 in
592 1992 688 2027 toto
711 1986 887 2034 circulo,
910 1993 1015 2027 tunc
1043 1993 1191 2027 motus
1213 1986 1289 2040 qui
1312 1992 1377 2026 est
1400 1987 1457 2027 ab
1481 1986 1637 2027 eodem
1661 1985 1852 2027 termino

300 2058 357 2098 ad
380 2057 570 2097 eundem
599 2056 891 2097 contrariatur
920 2056 1061 2096 motui
1092 2056 1177 2105 alii,
1198 2056 1272 2109 qui
1304 2062 1369 2097 est
1391 2055 1448 2096 ab
1473 2056 1560 2096 alio
1583 2055 1772 2096 termino
1793 2055 1851 2096 ad

302 2127 426 2167 illum
450 2126 599 2176 alium,
622 2132 670 2167 ut
693 2125 763 2166 ille
785 2126 859 2178 qui
884 2131 948 2166 est
966 2125 1023 2166 ab
1038 2126 1207 2167 oriente
1225 2127 1268 2166 in
1286 2125 1492 2167 occidens
1515 2124 1853 2166 contrariabitur

303 2195 362 2235 illi
396 2196 470 2248 qui
509 2201 575 2236 est
609 2195 664 2235 ab
701 2195 930 2236 occidente
963 2195 1005 2235 in
1048 2195 1192 2236 oriens
1234 2208 1365 2248 super
1402 2195 1520 2235 idem
1555 2200 1766 2242 centrum,
1808 2200 1852 2236 et
1874 2215 1916 2248 30

305 2265 497 2305 maxime
522 2278 652 2317 super
684 2265 863 2305 eosdem
896 2265 1031 2318 polos.
1098 2265 1177 2306 Set
1209 2265 1292 2306 hoc
1325 2277 1419 2305 esse
1451 2264 1539 2304 no'n
1562 2269 1722 2317 potest,
1751 2264 1854 2317 quia

304 2335 592 2376 contrarietas
630 2340 696 2376 est
730 2334 772 2374 in
812 2334 940 2376 rebus
977 2348 1055 2388 per
1088 2334 1195 2375 illud
1233 2328 1355 2386 'quod
1391 2340 1458 2375 est
1492 2333 1729 2375 essenciale
1766 2346 1852 2374 non

350 2475 371 2505 6
396 2474 691 2515 Methaphisioe]
709 2485 740 2505 x.
763 2485 812 2513 14.

347 2627 367 2656 4
392 2614 710 2657 contrariabuntur]
730 2614 981 2645 contrariantur
999 2612 1030 2643 O
1164 2614 1185 2643 6
1208 2612 1279 2654 xm]
1297 2612 1349 2652 4¹⁰
1365 2612 1407 2643 M
1538 2622 1568 2651 7,
1588 2612 1608 2642 8
1633 2597 1773 2652 propria
1793 2636 1798 2643 .
1817 2637 1823 2644 .
1845 2637 1851 2644 .

309 2674 462 2700 extrema
477 2678 544 2699 om.
563 2667 604 2697 M
738 2676 776 2705 13
801 2665 929 2706 solum]
947 2665 1020 2696 sola
1039 2664 1070 2696 Ο
1192 2675 1230 2695 21
1258 2664 1466 2696 contradicio
1483 2663 1752 2706 contrarietatis]
1771 2675 1854 2696 con-

305 2721 461 2751 trarietas
478 2720 520 2751 M
629 2728 670 2758 25
696 2718 776 2759 nec]
796 2729 863 2749 non
885 2717 915 2748 O
1026 2719 1069 2748 26
1094 2717 1339 2758 contrariatur]
1358 2717 1562 2748 contradicit
1582 2716 1613 2748 Ο
1702 2718 1745 2749 28
1767 2716 1851 2759 alio]

306 2772 365 2803 illo
386 2772 416 2803 O
561 2781 602 2810 29
625 2770 776 2811 oriente]
794 2769 973 2801 occidente
994 2769 1024 2800 O
1168 2779 1211 2808 30
1236 2767 1431 2810 occidente]
1450 2768 1582 2800 oriente
1603 2768 1633 2800 O
1925 2745 1937 2798 t
