1945 3079
812 107 836 149 3
845 108 860 135 1
872 105 892 147 7

134 208 382 264 Capitulum
409 214 474 250 2¹¹³.
538 207 617 262 <de
636 207 939 249 dz‘vz’sz‘bz‘lz‘tate
958 216 1184 263 corporum
1207 209 1253 250 in
1274 208 1348 250 laec
1370 208 1574 263 mundo).

144 301 289 342 Primo
314 314 416 342 vero
448 304 625 353 oportet
657 300 777 352 quod
806 298 929 354 plura
956 313 1140 354 corpora
1166 300 1251 341 sint
1279 301 1320 341 in
1341 301 1424 343 hoc
1448 300 1627 348 mundo,

83 371 278 412 secundo
305 375 482 423 oportet
510 370 631 422 quod
661 382 750 410 non
773 369 828 410 sit
859 370 1050 410 mundus
1077 370 1347 422 compositus
1370 384 1428 410 ex
1452 369 1627 410 infinitis

84 439 338 493 corporibus
361 445 404 479 et
427 437 760 479 indivisibilibus
781 436 785 493 Ι
806 437 1010 489 athomis‚
1027 444 1073 479 ut
1088 445 1330 492 posuerunt
1347 439 1628 480 Democritus
1649 451 1692 483 O.
1710 460 1729 491 4
1747 460 1777 481 a.

45 527 63 559 5
84 515 128 550 et
147 508 398 561 Leucippus
416 514 459 549 et
478 507 696 560 Epicurus
718 513 762 549 et
786 507 913 549 multi
931 508 1018 560 alii,
1035 514 1101 548 set
1119 514 1246 549 erunt
1267 522 1454 560 corpora
1478 508 1628 549 mundi

85 577 209 619 finita
242 584 286 618 et
320 576 568 618 divisibilia.
643 577 760 618 Nam
799 578 926 618 aliter
964 584 1220 630 sequeretur
1253 578 1373 630 quod
1411 577 1631 630 dyametri

86 654 231 689 essent
261 646 674 688 commensurabiles
700 653 832 700 coste,
854 653 897 688 et
923 660 1009 688 non
1040 646 1182 688 solum
1216 646 1632 687 commensurabiles

86 722 154 759 set
193 715 385 770 equales,
416 729 603 770 quorum
641 722 878 770 utrumque
910 723 976 757 est
1014 715 1134 770 prius
1171 715 1450 769 reprobatum
1483 721 1527 755 et
1559 715 1632 755 de-

87 791 378 826 monstratum
416 798 549 839 super
584 786 819 840 septimam
852 785 1206 839 proposicionem
1240 783 1398 826 decimi
1428 783 1632 824 Elemen-

28 870 69 894 ιο
89 862 230 896 torum
250 854 462 905 Euclidis,
479 861 522 896 et
538 854 808 896 Aristoteles
827 861 870 896 et
887 868 1040 896 omnes
1062 867 1175 895 nunc
1197 854 1388 905 fatentur
1410 854 1528 906 quod
1552 853 1632 894 hec

87 924 464 967 commensuracio
487 938 575 966 non
599 931 666 966 est
689 924 920 978 possibilis.

146 995 279 1049 Quod
317 1008 421 1036 vero
458 994 537 1036 hec
570 984 888 1048 consequencia
921 994 978 1034 sit
1011 1007 1114 1035 vera
1146 992 1327 1046 planum
1360 997 1425 1033 est
1457 990 1634 1034 cuilibet

87 1063 241 1105 scienti
263 1070 531 1117 potestatem
555 1063 810 1118 geometrie,
828 1069 871 1104 et
894 1063 994 1104 ideo
1017 1063 1222 1116 ignorans
1243 1075 1341 1102 eam
1365 1067 1556 1102 recurrat
1578 1060 1633 1100 ad

88 1134 235 1187 priora
276 1139 514 1185 antequam
555 1134 611 1174 ad
654 1139 928 1187 postremum
970 1138 1161 1173 conetur.
1243 1130 1320 1172 Ad
1363 1130 1633 1171 evidenciam

32 1215 69 1247 15
89 1210 239 1245 tamen
273 1202 548 1246 describatur
585 1202 852 1255 quadratum
886 1215 985 1242 cum
1020 1201 1265 1254 dyametro‚
1298 1206 1342 1240 et
1376 1200 1463 1239 sint
1497 1198 1634 1240 latera

95 1285 147 1313 10
183 1278 462 1326 punctorum,
498 1271 726 1312 trahantur
763 1285 868 1324 ergo
904 1282 956 1310 10
993 1284 1019 1310 a
1055 1269 1233 1322 singulis
1270 1269 1446 1324 punctis
1472 1267 1477 1323 1
1507 1268 1634 1309 unius
1654 1281 1779 1315 9322.

91 1339 238 1382 lateris
260 1341 316 1382 ad
339 1340 518 1394 singula,
532 1346 695 1395 puncta
712 1340 891 1381 alterius
910 1339 1055 1381 lateris
1073 1338 1282 1392 oppositi,
1304 1344 1409 1379 tunc
1432 1337 1502 1378 ille
1525 1337 1635 1378 linee

89 1409 370 1463 occupabunt
399 1415 544 1450 totum
573 1409 771 1463 spacium
801 1408 1004 1462 quadrati
1032 1414 1075 1449 et
1104 1414 1247 1448 totam
1273 1408 1567 1460 dyametrum,
1593 1413 1637 1447 et

91 1478 153 1520 sic
188 1478 420 1531 dyameter
455 1492 541 1519 non
575 1478 758 1520 habebit
795 1478 876 1519 nisi
912 1490 964 1517 10
998 1483 1172 1531 puncta,
1204 1483 1249 1518 et
1280 1476 1342 1518 ita
1373 1489 1460 1517 non
1493 1475 1636 1516 solum

6 1553 72 1584 ‘20
92 1546 273 1589 habebit
304 1561 586 1590 communem
620 1561 871 1589 mensuram
903 1553 968 1588 set
1000 1545 1215 1600 equalem.
1279 1546 1397 1586 Nam
1425 1545 1637 1586 naturalis

91 1616 201 1658 s'ciat
224 1631 270 1658 se
292 1617 417 1670 quasi
434 1617 598 1670 ubique
619 1617 821 1672 ignorare
845 1622 888 1657 et
914 1616 1118 1657 vacillare
1141 1615 1220 1656 nisi
1244 1615 1286 1655 in
1312 1615 1636 1656 mathematicis

93 1686 151 1728 sit
187 1686 424 1728 instructus
461 1687 592 1740 prius,
657 1687 770 1728 Item
808 1686 1043 1740 probatum
1082 1690 1155 1726 est
1185 1684 1353 1725 infinita
1385 1697 1473 1724 non
1507 1697 1638 1737 posse

92 1754 221 1797 simul
251 1769 360 1797 esse.
422 1755 537 1797 Item
569 1755 806 1810 probatum
833 1761 899 1796 est
932 1755 1150 1796 racionem
1178 1752 1373 1794 continui
1399 1766 1494 1793 esse
1517 1753 1636 1805 quod

93 1831 161 1866 est
197 1824 416 1866 divisibile
453 1825 496 1865 in
532 1839 708 1879 semper
750 1824 996 1871 divisibilia,
1035 1837 1139 1876 ergo
1181 1835 1267 1862 non
1310 1828 1375 1863 est
1408 1827 1548 1862 status
1580 1822 1638 1862 ad

33 1905 72 1938 25
92 1894 339 1936 divisibilia.
405 1894 519 1935 Item
563 1894 711 1936 omnia
748 1892 877 1934 simul
912 1892 1155 1934 existencia
1190 1892 1258 1932 vel
1295 1896 1397 1932 sunt
1433 1890 1640 1943 contigua

94 1963 163 2005 vel
192 1964 412 2012 continua,
434 1970 477 2005 et
504 1976 739 2017 possumus
769 1976 932 2016 ponere
955 1962 1035 2002 has
1056 1960 1331 2002 differencias
1354 1960 1397 2000 in
1421 1960 1550 2000 rebus
1571 1959 1638 2000 vel

95 2032 280 2074 alteram
313 2033 499 2073 illarum.
564 2032 642 2074 Set
664 2033 720 2073 ad
744 2032 1078 2073 continuitatem
1111 2036 1154 2071 et
1186 2029 1521 2083 contiguitatem
1545 2029 1640 2069 exi-

93 2107 257 2156 guntur
287 2102 462 2143 termini
495 2115 654 2154 rerum,
686 2108 751 2142 set
788 2099 1067 2141 indivisibilia
1100 2099 1311 2139 terminos
1343 2111 1430 2139 non
1463 2097 1640 2147 habent,

94 2185 211 2225 ergo,
233 2170 366 2212 nichil
388 2177 453 2212 est
476 2171 733 2212 continuum
757 2184 834 2211 nec
856 2170 1126 2222 contiguum.

34 2249 76 2282 30
155 2239 202 2282 Si
224 2241 409 2293 dicatur,
430 2247 575 2282 totum
605 2241 749 2294 tangit
778 2246 934 2287 totum,
958 2244 1061 2279 tunc
1083 2243 1184 2278 sunt
1214 2236 1257 2277 in
1283 2236 1442 2277 eodem
1466 2235 1574 2288 loco,
1597 2241 1640 2276 et

96 2323 231 2351 unum
265 2311 307 2351 in
339 2309 438 2358 alio,
461 2316 504 2351 et
536 2310 786 2364 penetrabit
815 2309 944 2360 aliud,
967 2322 1073 2362 ergo
1097 2321 1282 2360 corpora
1311 2305 1436 2360 plura
1465 2310 1565 2345 sunt
1597 2303 1641 2343 in

96 2380 253 2421 eodem
276 2379 373 2421 loco
396 2386 532 2433 atque
554 2370 803 2420 substancia
827 2378 952 2419 unius
976 2377 1226 2431 penetrabit
1249 2382 1292 2417 et
1315 2374 1518 2416 illabetur
1539 2373 1639 2414 sub-

144 2559 156 2579 1
186 2548 237 2579 Cf.
258 2548 342 2579 with
363 2547 424 2588 Op.
443 2547 539 2589 Mas-⁷
557 2546 623 2578 vol.
643 2546 664 2585 i,
684 2556 716 2585 p.
742 2555 800 2584 ¹52
817 2554 878 2584 sqq
906 2554 913 2582 ;
941 2543 1004 2584 Op.
1028 2543 1108 2574 Terl.
1128 2553 1156 2573 c.
1175 2553 1228 2581 40.

143 2707 162 2727 2
188 2694 319 2735 Primo]
339 2695 523 2734 Postquam
544 2693 574 2724 O
687 2702 706 2731 5
729 2692 785 2723 alii
803 2703 869 2723 om.
890 2691 921 2723 O
1025 2691 1045 2721 8
1069 2694 1102 2721 et
1120 2688 1405 2729 demonstratum]
1423 2698 1484 2728 per
1502 2688 1642 2719 demon-

99 2747 309 2780 stracionem
326 2747 356 2777 Ο
449 2757 486 2785 14
514 2743 746 2786 postremum]
761 2744 951 2785 posterIOra
971 2743 1001 2773 O
1095 2752 1201 2781 14e20
1224 2741 1278 2772 Ad
1296 2740 1505 2772 evidenciam
1520 2763 1526 2771 .
1541 2765 1548 2772 .
1567 2764 1574 2772 .
1590 2745 1642 2771 set

99 2801 252 2840 equalem
270 2810 336 2831 om.
356 2799 386 2830 O
