1945 3079
853 121 935 162 329

93 236 196 276 ergo
211 228 365 263 natura
379 221 459 263 celi
475 228 541 263 est
556 223 693 263 eciam
710 222 982 276 hujusmodi:
1003 225 1232 266 dicendum
1250 233 1315 268 est
1329 228 1447 280 quod
1463 241 1634 268 summe

91 304 263 331 sursum
292 297 357 332 est
387 290 608 344 equivoce.
672 291 789 332 Nam
817 294 994 345 quando
1024 294 1170 347 signat
1200 295 1305 346 leve,
1335 303 1439 336 tunc
1471 297 1631 337 dicitur

92 373 264 400 summe
285 373 457 400 sursum
482 373 588 411 esse,
612 361 731 413 quod
756 368 909 402 natum
934 368 1000 402 est
1024 364 1187 403 moveri
1215 378 1385 405 sursum
1410 379 1548 418 usque
1573 366 1630 407 ad

91 428 409 470 concavitatem
431 428 524 476 celi,
548 435 590 469 et
613 429 674 470 sic
696 443 826 471 omne
848 444 1019 471 sursum
1043 433 1283 473 secundum
1306 435 1424 487 quod
1449 440 1516 475 est
1539 435 1632 476 leve

55 515 72 547 5
91 497 238 550 signat
261 496 452 538 locatum
475 506 518 538 et
540 511 627 538 non
652 498 793 539 locum
815 513 824 550 ;
850 500 1091 540 secundum
1113 515 1216 542 vero
1237 504 1356 555 quod
1379 503 1539 544 dicitur
1562 517 1632 544 ce-

92 565 182 606 lum
206 579 300 606 esse
321 579 493 607 summe
514 580 697 616 sursum,
721 568 908 609 sumitur
924 583 1004 622 pro
1022 568 1120 610 loco
1137 583 1307 610 sursum
1326 573 1444 625 quod
1462 586 1548 613 non
1567 579 1634 614 est

90 634 196 686 leve,
233 642 299 677 set
337 636 392 676 ad
429 636 547 689 quod
587 636 682 678 leve
714 644 916 679 movetur
952 644 1074 680 motu
1108 645 1240 690 recto,
1273 647 1316 681 et
1349 641 1635 693 equivocatur

90 718 275 746 sursum.

150 773 199 815 Si
221 774 392 815 dicatur
406 776 526 828 quod
549 777 689 829 prima
711 778 995 819 contrarietas
1016 784 1082 819 est
1105 778 1146 818 in
1170 778 1278 830 loco,
1299 785 1343 819 ut
1366 778 1636 819 Aristoteles

34 858 73 882 10
91 843 196 884 dicit
212 843 255 883 in
276 844 626 886 medicamentis
646 852 688 888 et
712 846 753 887 in
776 852 826 887 x0
848 846 1175 900 Metkaplzisz‘ce‚
1192 854 1257 888 set
1280 847 1401 888 locus
1420 849 1633 889 deorsum

91 920 158 955 est
173 904 294 967 'aqua
316 928 508 956 concava
532 929 608 969 per
624 923 872 970 respectum
890 917 946 957 ad
963 923 1161 957 centrum
1182 917 1347 967 mundi,
1363 918 1475 958 inter
1496 930 1634 970 quarn

91 989 135 1023 et
157 990 352 1024 centrum
384 980 389 1038 Ι
411 984 529 1037 jacet
556 992 682 1034 terra,
706 991 748 1026 et
778 999 892 1039 aqua
919 990 985 1026 θεῖ
1010 999 1112 1027 vere
1133 987 1290 1039 gravis,
1313 1000 1417 1040 ergo
1439 986 1561 1027 locus
1596 986 1634 1027 ei
1655 992 1695 1024 O.
1717 992 1735 1023 8
1753 993 1785 1023 b.

91 1054 333 1094 contrarius
364 1053 433 1094 vel
464 1053 606 1095 celum
638 1068 876 1096 concavum
906 1061 971 1095 θεῖ
997 1068 1097 1095 vere
1123 1054 1245 1095 leve:
1287 1055 1452 1096 diceret
1483 1056 1634 1097 statim

91 1121 247 1175 aliquis
265 1124 384 1175 quod
403 1130 601 1164 centrum
620 1124 737 1176 quod
761 1131 827 1165 θεῖ
851 1124 1044 1164 medium
1069 1124 1221 1164 mundi
1236 1130 1351 1164 esset
1368 1123 1490 1165 locus
1504 1124 1634 1165 deor-

33 1212 71 1245 ¹5
91 1204 199 1232 sum.
265 1191 343 1233 Set
366 1192 544 1245 planum
567 1198 633 1233 θεῖ
655 1193 774 1246 quod
797 1199 997 1234 centrum
1020 1205 1106 1233 non
1127 1192 1246 1233 locat
1268 1206 1348 1233 nec
1367 1194 1573 1242 continet,
1591 1200 1635 1234 et

92 1261 193 1301 ideo
219 1274 307 1301 non
336 1268 403 1302 est
431 1261 565 1302 locus.
632 1261 709 1303 Set
742 1262 913 1315 planius
944 1262 1115 1302 dicetur
1141 1262 1182 1301 in
1211 1262 1510 1315 sequentibus.
1575 1263 1634 1302 Et

92 1331 192 1371 ideo
230 1332 401 1372 dicetur
441 1333 498 1373 ad
534 1332 617 1373 hoc
649 1333 770 1384 quod
805 1331 1003 1385 spacium
1034 1332 1147 1372 inter
1170 1344 1411 1372 concavum
1445 1345 1558 1385 aque
1591 1340 1635 1373 et

91 1407 289 1442 centrum
311 1407 423 1441 terre
454 1408 571 1442 esset
595 1400 742 1451 locus;
777 1407 843 1442 set
865 1400 948 1442 hoc
970 1399 1128 1441 falsum
1152 1405 1230 1449 θεῖ,
1252 1414 1351 1441 nam
1376 1400 1543 1441 nullum
1566 1407 1632 1443 est

92 1469 151 1510 ibi
182 1470 380 1523 spacium
407 1471 486 1510 nisi
514 1471 735 1523 quantitas
761 1470 903 1512 locati.
965 1468 1229 1510 Aristoteles
1259 1469 1372 1510 enirn
1404 1469 1562 1523 probat
1591 1471 1634 1510 in

10 1557 74 1580 ’πο
91 1538 152 1588 4¹⁶⁰
179 1538 459 1580 Phisz'corum
488 1539 607 1592 quod
637 1538 758 1580 locus
786 1552 875 1580 non
906 1544 972 1580 est
1001 1538 1218 1579 distancia
1239 1539 1352 1579 inter
1374 1539 1512 1580 latera
1534 1553 1636 1580 con-

91 1609 282 1660 tinentis,
314 1616 358 1651 et
388 1609 661 1651 verificatum
695 1616 761 1650 est
792 1609 940 1664 prius:
991 1615 1261 1663 quapropter
1297 1609 1440 1662 ipsum
1477 1622 1635 1662 corpus

91 1692 205 1733 aque
225 1693 325 1720 vere
347 1680 429 1720 erit
450 1678 572 1721 locus
589 1685 716 1730 terre,
731 1685 774 1719 et
789 1679 873 1720 hoc
887 1678 992 1719 dicit
1006 1678 1274 1719 Aristoteles
1291 1682 1339 1727 4⁰
1354 1678 1634 1719 Plzisz'corum

90 1749 208 1802 quod
227 1749 560 1791 concedendum
575 1756 654 1790 est.
690 1748 770 1790 Set
784 1762 884 1789 cum
900 1748 1059 1789 dicitur
1073 1748 1247 1801 ‘corpus
1264 1761 1377 1801 aque
1394 1755 1460 1788 est
1475 1761 1607 1801 grave
1627 1747 1635 1761 ’

90 1818 326 1859 dicendum
349 1825 415 1859 est
436 1819 556 1872 quod
580 1819 697 1859 unde
718 1824 784 1858 est
814 1817 1080 1858 elementum
1113 1823 1156 1857 et
1179 1817 1386 1866 locatum,
1408 1823 1475 1857 est
1497 1830 1632 1869 grave

32 1902 72 1935 25
90 1893 134 1928 et
148 1887 375 1929 descendit
389 1888 444 1928 ad
459 1888 605 1928 locum
622 1887 822 1928 infimum
841 1894 884 1928 et
899 1888 960 1928 sic
974 1893 1039 1927 est
1055 1887 1310 1940 oppositum
1327 1886 1423 1935 levi,
1440 1892 1507 1927 set
1521 1887 1635 1926 unde

90 1962 157 1996 est
180 1956 312 2007 locus,
334 1970 422 1997 non
449 1963 516 1998 est
546 1955 550 2011 Ι
575 1969 708 2010 grave
730 1961 774 1997 et
796 1956 901 2006 leve,
924 1961 968 1996 et
999 1956 1099 1996 ideo
1129 1969 1209 1996 nec
1239 1956 1507 1996 contrarium
1539 1954 1631 2007 ejus
1654 1963 1696 2006 96
1713 1966 1734 1997 b
1754 1974 1781 1996 1.

90 2026 211 2077 quod
242 2031 308 2066 est
333 2025 455 2067 locus
484 2039 669 2074 sursum,
690 2032 739 2067 ut
764 2025 906 2066 celum
935 2031 1000 2066 est
1024 2025 1132 2074 leve,
1154 2031 1221 2065 set
1243 2024 1408 2066 habent
1437 2025 1631 2078 aliquam

90 2094 390 2136 diversitatem
414 2095 457 2135 in
480 2101 635 2136 natura
657 2108 708 2136 ac
739 2094 824 2136 situ
847 2095 903 2135 ad
927 2108 1061 2148 quam
1084 2094 1278 2147 sequitur
1299 2094 1527 2135 diversitas
1548 2108 1634 2148 que

91 2171 158 2205 est
172 2164 284 2205 inter
297 2163 392 2205 leve
406 2172 448 2205 et
465 2178 610 2218 grave,
627 2170 671 2205 et
686 2165 829 2219 prima
847 2164 1077 2204 diversitas
1095 2170 1140 2205 et
1155 2163 1352 2204 maxima
1366 2163 1579 2204 distancia
1592 2170 1635 2204 et

33 2251 74 2284 30
91 2234 234 2287 prima
255 2234 554 2284 contrarietas,
576 2234 687 2274 sicut
709 2233 975 2274 Aristoteles
996 2233 1089 2274 vult
1112 2233 1283 2274 decimo
1300 2232 1631 2286 Metlzaplzz‘sz'ce.

152 2302 199 2343 Si
222 2303 438 2344 obiciatur
458 2304 581 2357 quod
603 2303 638 2343 si
662 2309 775 2344 esset
802 2301 928 2344 stella
949 2302 1156 2344 deorsum
1179 2315 1265 2343 non
1288 2302 1533 2354 quiesceret
1555 2315 1632 2355 per

137 2419 176 2439 10
199 2407 510 2448 Predjoamentis]
528 2419 558 2439 c.
575 2409 617 2439 de
634 2408 813 2449 oppositis.
1081 2407 1373 2449 Methaphisioe]
1398 2417 1430 2438 x.
1455 2417 1495 2446 13
1511 2417 1631 2439 comm.

91 2471 133 2491 20
155 2460 412 2502 Phisieorum]
428 2461 471 2492 iv.
485 2470 527 2500 35
545 2471 617 2501 sqq.
981 2470 1020 2491 21
1047 2462 1283 2492 verificatum
1298 2464 1354 2492 est.
1370 2460 1490 2501 prius]
1509 2470 1543 2499 p.
1560 2470 1633 2500 190.

90 2522 145 2551 30⁴
157 2513 450 2554 Methaphjsice]
469 2524 505 2545 x.
526 2523 575 2552 13.

134 2607 154 2636 4
179 2597 296 2639 omne]
313 2602 366 2629 est
381 2608 512 2628 summe
532 2596 562 2628 Ο
699 2607 739 2628 10
761 2596 817 2638 κο]
837 2599 874 2635 4⁰
890 2595 933 2626 M
1062 2607 1104 2627 20
1127 2595 1350 2637 continentis]
1367 2595 1582 2626 continentes
1601 2594 1632 2625 Ο

91 2660 143 2689 22,
162 2660 204 2689 23
226 2660 308 2681 vere
335 2674 342 2681 .
371 2675 378 2682 .
396 2674 403 2681 .
431 2649 554 2691 grave]
576 2654 629 2681 est
645 2649 740 2680 locus
757 2649 870 2689 gravis
887 2649 941 2680 vel
963 2649 1117 2688 gravium
1134 2647 1177 2678 M
1304 2657 1344 2687 25
1369 2652 1402 2678 et
1415 2647 1484 2687 pn]
1504 2648 1581 2686 quia
1601 2647 1632 2678 Ο

91 2701 261 2743 infimum]
278 2701 473 2733 inferiorem
493 2700 524 2731 Ο
636 2706 690 2733 θεῖ
703 2701 915 2742 oppositum]
928 2701 1112 2740 opponitur
1127 2699 1158 2730 Ο
1314 2700 1357 2730 26
1381 2704 1415 2729 et
1426 2697 1496 2739 pn]
1516 2708 1578 2728 nec
1598 2698 1629 2728 O

91 2756 134 2786 28
156 2755 326 2796 sequitur]
344 2759 573 2794 consequatur
591 2753 622 2785 Ο
810 2764 852 2793 29
877 2758 910 2784 et
927 2753 1004 2794 sea]
1021 2758 1056 2783 et
1073 2753 1138 2783 hoc
1155 2757 1207 2783 est
1226 2752 1256 2782 O
1428 2760 1470 2789 30
1496 2750 1629 2781 Metha-

92 2808 222 2847 phisice
239 2817 304 2839 om.
326 2806 357 2837 Ο
