1945 3079
806 130 887 174 3¹3

81 229 160 271 Set
202 236 355 272 contra
397 230 508 272 hanc
550 233 802 286 opinionem
845 234 1046 275 solebant
1097 236 1275 288 quidam
1315 236 1455 277 dicere
1497 235 1616 289 quod

82 304 229 340 motus
273 300 342 340 hic
385 306 452 341 est
499 300 541 340 in
590 301 777 347 instanti⁷
827 316 881 342 ne
925 302 1000 344 fiat
1044 317 1243 345 vacuum.
1308 304 1385 346 Set
1427 305 1619 358 privacio

83 381 170 409 non
212 374 278 409 est
319 382 451 410 causa
492 370 845 425 affirmacionis.}
878 372 935 412 Et
977 372 1105 424 hujus
1147 375 1401 426 oppositum
1438 375 1763 420 demon-92a1.

79 443 264 478 stratum
295 444 362 479 est
391 439 521 492 prius,
546 440 753 492 quoniam
782 439 902 480 nulla
926 441 1061 482 virtus
1093 441 1215 482 finita
1247 449 1392 495 potest
1420 456 1550 496 agere
1577 443 1618 482 in

41 523 59 555 5
80 506 276 555 instanti,
306 512 440 561 atque
470 515 617 549 motus
649 522 736 550 non
764 515 912 563 potest
942 509 1031 550 fieri
1063 510 1143 550 nisi
1174 511 1214 550 in
1247 517 1460 564 tempore.
1523 512 1618 552 Nec

79 582 234 617 natura
257 584 408 618 contra
431 578 626 618 ordinem
657 578 901 619 naturalem
926 579 1029 620 facit
1057 579 1222 632 aliquid
1253 587 1484 634 postquam
1510 581 1620 621 ordo

81 644 288 686 naturalis
317 640 322 698 Ι
349 652 496 699 potest
525 646 692 687 salvari.
758 647 818 688 Et
854 647 1011 688 salvari
1044 648 1218 688 videtur
1249 648 1384 698 aliter,
1407 649 1462 689 ad
1496 648 1618 701 cujus
1638 657 1678 689 Ο.
1701 667 1714 688 2
1734 659 1764 690 b.

77 713 371 755 salvacionem
394 714 466 755 alii
495 715 703 757 dixerunt
733 717 852 769 quod
883 717 1033 758 omnia
1063 731 1251 771 corpora
1271 731 1366 758 sese
1388 718 1621 770 tangencia

78 782 122 822 in
144 795 245 824 aere
265 783 334 824 vel
357 797 471 837 aqua
500 785 686 826 retinent
710 799 854 826 aerem
882 793 925 827 et
948 799 1108 839 aquam
1138 786 1180 826 in
1204 786 1351 827 medio
1380 788 1619 828 secundum

19 866 58 888 10
81 851 368 893 Aristotelem
393 853 436 893 in
459 855 653 895 secundo
675 854 728 895 de
746 854 927 895 Anima.
988 855 1177 896 Videtur
1199 869 1302 909 ergo
1324 856 1443 908 quod
1467 869 1620 909 super-

85 911 205 961 ficies
245 920 440 962 habeant
480 922 684 964 humidas
716 930 760 964 et
806 924 867 964 ita
907 937 1022 976 aqua
1062 923 1129 964 vel
1172 937 1245 964 aer
1286 924 1328 964 in
1371 924 1620 966 elevacione

78 989 255 1030 rarescit
277 996 320 1030 et
346 991 545 1044 sequitur
565 991 839 1045 superficiem
864 991 1013 1032 tabule
1034 992 1215 1033 elevate.

136 1058 216 1100 Set
246 1067 411 1111 contra,
443 1074 531 1101 non
563 1067 711 1114 potest
744 1062 786 1102 in
829 1068 1002 1102 tantum
1035 1061 1221 1103 rarefieri
1254 1076 1413 1116 parvus
1445 1076 1519 1104 aer
1549 1062 1618 1103 vel

78 1141 194 1182 aqua
235 1142 370 1181 parva
400 1128 614 1170 adherens
655 1129 969 1184 superficiebus
1011 1144 1241 1184 corporum
1279 1131 1383 1185 quin
1417 1138 1503 1172 stet
1545 1132 1618 1172 illa

15 1210 55 1243 15
77 1197 308 1239 rarefaccio
326 1198 490 1249 statim,
512 1198 664 1239 tabula
681 1212 783 1240 vero
801 1205 947 1252 potest
966 1200 1008 1239 in
1031 1205 1202 1240 tanturn
1221 1199 1378 1241 elevari
1400 1208 1615 1253 quantum

73 1265 290 1307 volumus.
355 1268 576 1308 Ponamus
611 1281 712 1320 ergo
738 1268 857 1321 quod
889 1281 1026 1322 usque
1055 1270 1111 1309 ad
1139 1269 1290 1319 nubes,
1312 1269 1379 1310 vel
1409 1270 1467 1310 sit
1495 1271 1615 1323 quod

75 1347 163 1376 non
186 1342 333 1388 potest
356 1337 553 1377 modicus
576 1350 649 1377 aer
671 1337 713 1377 in
736 1343 908 1377 tantum
934 1337 1120 1378 rarefieri
1139 1352 1148 1388 ;
1181 1339 1299 1390 quod
1327 1339 1360 1379 si
1384 1338 1617 1391 loquamur

74 1404 131 1444 de
162 1417 259 1444 aere
291 1410 335 1444 et
365 1418 480 1457 aqua
510 1405 749 1446 inmediate
780 1419 826 1445 se
858 1406 1152 1460 tangentibus,
1174 1412 1218 1446 et
1248 1406 1444 1447 elevetur
1468 1421 1542 1447 aer
1573 1414 1617 1448 et

74 1486 190 1525 aqua
211 1473 483 1527 deprimatur
508 1488 646 1528 usque
670 1475 724 1515 ad
759 1481 971 1525 centrum,
997 1482 1101 1516 tunc
1134 1475 1247 1528 perit
1279 1476 1350 1517 illa
1384 1477 1617 1518 rarefaccio

12 1556 53 1579 20
72 1542 268 1597 corporis
310 1543 457 1594 medii,
490 1544 595 1597 quia
627 1543 759 1585 nichil
798 1544 913 1584 inest
948 1544 1140 1584 medium
1174 1545 1286 1586 inter
1315 1545 1400 1594 illa,
1434 1559 1513 1587 nec
1542 1560 1617 1586 aer

78 1617 249 1652 tantum
266 1612 537 1661 rarefiet,nec
553 1627 670 1666 aqua
688 1619 894 1666 sequetur
910 1612 1183 1666 superficiem
1199 1615 1310 1655 aeris
1326 1615 1615 1657 ascendentis.

74 1680 136 1721 Et
161 1687 342 1735 propter
370 1681 454 1722 hoc
483 1683 640 1723 estimo
668 1683 787 1736 quod
815 1695 999 1735 corpora
1027 1683 1172 1736 posita
1198 1683 1240 1722 in
1273 1697 1387 1736 aqua
1418 1683 1484 1723 vel
1517 1698 1616 1725 aere

81 1763 167 1791 non
199 1757 406 1804 poterunt
442 1751 602 1792 elevari
633 1752 716 1792 sub
753 1751 1020 1804 figuracione
1051 1765 1309 1805 quacunque
1341 1754 1398 1793 ab
1430 1753 1613 1794 invicem

76 1819 369 1860 determinate
409 1826 475 1861 set
518 1820 856 1861 indeterminate
897 1826 945 1861 ut
986 1820 1103 1861 aliud
1147 1834 1304 1874 corpus
1346 1821 1614 1875 ingrediatur

10 1905 50 1939 ²5
78 1882 292 1941 paulatim
330 1890 567 1931 secundum
603 1889 931 1943 separacionem
970 1903 1122 1931 eorum
1160 1890 1416 1931 abinvicem.
1497 1892 1613 1931 Nam

78 1958 222 2011 primo
245 1972 302 1999 ex
331 1971 418 1998 una
440 1965 565 2012 parte
587 1958 906 2012 separabuntur
930 1972 1061 2012 quam
1092 1960 1147 1999 ab
1174 1959 1269 2008 alia,
1295 1965 1338 2000 et
1367 1960 1428 2000 sic
1457 1973 1615 2014 corpus

75 2032 224 2081 potest
253 2027 414 2067 intrare
436 2027 660 2080 paulatim.
725 2027 824 2068 Hoc
852 2033 999 2068 autem
1032 2028 1311 2069 manifestum
1335 2034 1401 2069 est
1424 2029 1465 2069 in
1488 2043 1613 2083 aqua,

71 2102 138 2137 set
161 2109 247 2137 non
270 2097 331 2137 ita
353 2103 477 2151 patet
500 2097 542 2137 in
566 2110 678 2149 aere,
701 2111 799 2138 cum
822 2097 882 2138 sic
904 2103 1051 2138 tamen
1075 2111 1251 2138 necesse
1272 2104 1337 2138 est
1359 2112 1466 2139 esse.

128 2165 198 2206 De
220 2166 475 2221 corporibus
501 2179 607 2207 vero
629 2166 777 2206 mundi
805 2165 1071 2220 simplicibus
1098 2167 1383 2219 tangentibus
1405 2181 1464 2218 se,
1486 2168 1610 2221 poni-

7 2256 49 2287 30
68 2247 165 2275 mus
186 2236 305 2289 quod
332 2241 433 2276 sunt
462 2235 644 2281 diversa,
674 2242 741 2277 set
772 2248 905 2276 unum
932 2237 988 2277 ab
1017 2234 1021 2290 Ι
1049 2235 1136 2276 alio
1165 2248 1251 2276 non
1284 2236 1423 2289 possit
1451 2236 1607 2278 elevari
1627 2251 1666 2283 92
1685 2253 1703 2272 a
1723 2253 1751 2273 ι.

114 2362 153 2382 10
176 2354 222 2383 de
239 2352 394 2393 Anima]
412 2353 445 2383 ii.
469 2363 540 2393 113.

116 2453 128 2473 1
157 2444 218 2475 Set
236 2468 243 2476 .
263 2468 270 2475 .
290 2469 296 2476 .
316 2444 512 2483 opinionem
532 2454 597 2474 om.
620 2443 650 2474 O
784 2443 937 2485 quidam]
953 2444 1090 2483 quidem
1111 2444 1141 2474 Ο
1319 2455 1338 2475 2
1363 2450 1415 2475 est
1433 2445 1483 2486 in]
1503 2447 1561 2477 fiet
1579 2447 1610 2477 O

68 2506 88 2535 3
109 2495 152 2537 Et
163 2495 264 2534 hujus
277 2495 491 2537 oppositum]
507 2495 568 2526 Set
584 2500 706 2526 contra
721 2496 807 2526 hanc
822 2496 1014 2535 opinionem
1029 2494 1071 2525 M
1157 2506 1176 2536 5
1193 2501 1295 2537 atque
1313 2521 1319 2527 .
1338 2521 1346 2529 .
1364 2521 1371 2528 .
1388 2498 1559 2539 tempore]
1575 2503 1611 2529 ut

67 2547 247 2588 probatum
264 2553 317 2579 est
335 2548 365 2578 O
446 2549 467 2578 6
484 2547 618 2588 contra]
633 2548 821 2578 secundum
839 2548 869 2579 O
952 2558 970 2587 7
995 2548 1146 2589 videtur]
1165 2554 1279 2589 potest
1295 2548 1326 2579 O
1411 2559 1449 2580 10
1464 2550 1610 2580 Videtur

66 2623 74 2631 .
92 2625 98 2631 .
116 2624 123 2631 .
139 2600 247 2641 quod]
264 2601 342 2640 quia
358 2600 388 2631 O
482 2611 517 2631 11
543 2600 604 2641 ita]
621 2600 676 2630 illa
692 2599 723 2630 O
815 2610 853 2630 12
877 2600 1033 2642 rarescit]
1053 2602 1168 2631 rarefit
1185 2600 1215 2630 Ο
1307 2611 1344 2640 13
1362 2607 1481 2632 contra
1493 2613 1559 2632 om.
1578 2602 1608 2631 Ο

70 2662 108 2691 15
132 2653 166 2683 in
184 2657 311 2684 tantum
331 2664 398 2684 om.
421 2652 451 2684 O
632 2653 671 2682 18
696 2662 734 2683 se
750 2663 817 2683 om.
840 2652 870 2683 O
1043 2663 1082 2692 19
1107 2653 1277 2694 centrum]
1296 2658 1448 2684 centrum
1467 2659 1557 2684 terre
1577 2655 1608 2685 O

67 2714 111 2734 20
134 2704 239 2746 inest]
258 2710 310 2736 est
330 2705 360 2736 Ο
487 2715 525 2735 21
552 2704 734 2745 sequetur]
753 2705 907 2744 sequitur
927 2705 957 2736 O
1076 2715 1118 2735 22
1144 2705 1201 2746 Et]
1220 2705 1298 2736 licet
1317 2705 1348 2735 O
1468 2706 1607 2747 estimo]

66 2756 245 2787 estimatur
264 2757 295 2788 O
457 2767 498 2797 23
523 2757 682 2797 invicem]
702 2757 796 2787 invio
813 2756 1038 2787 determinate
1056 2756 1097 2786 M
1258 2767 1299 2795 24
1326 2756 1608 2799 indeterminate]

66 2808 331 2840 indeterminata
349 2809 380 2839 Ο
514 2819 558 2848 29
580 2819 618 2840 se
635 2819 702 2840 om.
722 2808 752 2839 O
885 2818 929 2848 3ο
952 2808 1019 2850 set]
1040 2809 1119 2840 licet
1137 2809 1168 2840 O
