1945 3079
842 105 924 148 423

114 207 286 248 semper
316 200 416 236 sunt
453 194 653 248 dispositi
688 196 892 237 ecentrici
923 202 1137 250 quantum
1171 197 1225 237 ad
1260 203 1457 238 centrum
1490 211 1653 246 eorum,

114 262 226 303 sicut
249 263 290 303 in
311 262 450 304 tribus
475 263 782 317 superioribus.
832 263 910 305 Set
937 264 978 304 in
1004 265 1223 306 Mercurio
1246 271 1311 306 est
1327 265 1651 317 dissimilitudo,

114 331 324 384 quoniam
360 332 559 373 deferens
592 331 683 386 ejus
717 337 874 383 totum,
906 333 1015 375 sicut
1048 332 1245 374 deferens
1280 333 1416 384 Lune,
1451 340 1652 375 movetur

113 400 319 441 continue
351 400 407 440 ab
439 402 606 442 oriente
639 401 680 441 in
712 401 1000 452 occidentem,
1032 402 1144 443 circa
1176 402 1400 454 quoddam
1438 410 1649 456 punctum

76 480 93 512 5
112 469 230 522 quod
245 474 418 510 tantum
434 469 568 510 distat
587 482 612 509 a
630 475 778 510 centro
792 470 992 523 equantis
1006 477 1218 523 quantum
1234 477 1431 511 centrum
1451 473 1650 524 equantis

111 550 136 577 a
158 544 307 578 centro
330 538 495 578 mundi.
541 538 673 579 Unde
695 537 934 592 aliquando
952 545 1149 580 centrum
1172 538 1265 592 ejus
1288 546 1352 580 est
1376 553 1475 580 cum
1499 547 1650 581 centro

111 606 326 658 equantis,
348 606 585 659 aliquando
609 607 740 647 distat
773 621 798 647 a
828 613 978 648 centro
1005 607 1101 660 ipso
1132 621 1208 661 per
1229 607 1415 660 duplum
1438 608 1651 649 distancie

111 675 247 715 centri
277 675 478 728 equantis
507 689 532 715 a
565 681 714 716 centro
748 676 914 726 mundi,
944 675 1121 727 scilicet,
1148 689 1247 716 cum
1276 677 1367 728 ipsa
1390 676 1470 716 tria
1495 677 1650 718 fuerint

111 742 155 782 in
176 755 262 784 una
285 742 398 784 linea
421 749 537 784 recta
560 750 736 798 puncta.
800 745 1005 785 Movetur
1034 744 1171 784 eciam
1195 750 1392 785 centrum
1417 745 1584 798 epicicli
1607 751 1651 786 et

54 829 94 852 10
109 811 288 865 planeta
308 812 349 852 in
368 812 564 866 epiciclo‚
579 819 623 853 et
640 813 778 853 eciam
791 812 997 867 epiciclus
1014 825 1145 865 super
1162 812 1460 865 longitudines
1483 813 1650 854 medias

111 880 154 920 in
179 879 262 921 hiis
292 881 403 921 sicut
432 887 475 922 et
505 880 548 921 in
577 880 672 921 aliis
694 882 846 921 tribus.
923 881 980 921 Et
1004 886 1184 934 propter
1205 880 1288 922 hoc
1310 882 1652 935 appropriantur

109 946 283 990 duobus
320 950 407 990 duo
446 956 592 991 motus
629 949 703 1003 qui
736 963 822 991 non
854 956 956 991 sunt
987 949 1029 990 in
1059 949 1174 990 aliis:
1222 963 1407 1002 quorum
1441 963 1552 990 unus
1585 958 1651 992 est

109 1018 312 1059 ecentrici
327 1017 572 1068 deferentis,
584 1032 660 1071 per
670 1018 947 1060 latitudinem
964 1032 1096 1071 super
1109 1019 1649 1072 dyametrum,secundum

110 1087 230 1139 quod
252 1092 319 1128 est
341 1100 491 1128 eorum
515 1087 659 1128 seccio
676 1087 922 1129 communis
945 1101 1024 1141 per
1039 1101 1171 1140 quam
1193 1100 1282 1127 aux
1301 1087 1395 1140 ejus
1413 1087 1651 1141 aliquando

50 1171 88 1203 15
108 1154 302 1196 declinat
323 1169 348 1195 a
373 1155 551 1196 zodiaco
580 1156 635 1196 ad
667 1156 1023 1210 septentrionem,
1047 1154 1285 1208 aliquando
1314 1155 1369 1195 ad
1395 1156 1620 1197 meridiem
1641 1173 1650 1205 3

108 1229 152 1264 et
165 1222 428 1264 assimilatur
445 1224 583 1265 motui
602 1224 801 1277 predicto
820 1223 987 1276 epicicli
1005 1237 1136 1277 super
1152 1222 1448 1278 longitudines
1468 1225 1650 1276 medias,

108 1305 208 1333 cum
230 1305 316 1332 non
347 1293 403 1333 sit
434 1293 675 1334 secundum
698 1292 909 1333 circulum
939 1291 1223 1345 completum,
1246 1297 1312 1333 set
1334 1293 1457 1345 quasi
1481 1292 1651 1334 reflexi-

106 1375 198 1402 vuS.
225 1359 230 1416 1
260 1360 390 1401 Alius
429 1367 575 1402 motus
610 1367 677 1403 est
714 1360 896 1414 epicicli.
972 1360 1090 1400 Nam
1124 1366 1272 1413 preter
1309 1366 1479 1401 motum
1517 1375 1648 1414 quern

105 1429 240 1470 habet
269 1429 474 1483 epiciclus
506 1443 637 1484 super
662 1429 959 1483 longitudines
987 1429 1167 1479 medias,
1203 1435 1403 1470 movetur
1433 1430 1649 1470 consimili

49 1515 89 1538 20
107 1504 228 1540 motu
250 1512 378 1552 super
406 1498 686 1550 dyametrum
711 1511 797 1551 que
817 1498 976 1538 transit
999 1511 1075 1550 per
1104 1511 1195 1538 aux
1219 1497 1384 1551 epicicli
1408 1504 1451 1539 et
1474 1499 1649 1552 opposi-

106 1573 200 1608 tum
223 1567 373 1620 augis;
407 1567 467 1608 ita
488 1567 607 1620 quod
632 1573 848 1620 quantum
871 1566 926 1607 ad
950 1566 1064 1606 hunc
1087 1571 1271 1616 motum,
1295 1566 1481 1620 quilibet
1504 1573 1649 1608 motus

78 1668 81 1672 .
106 1635 270 1690 epicicli
301 1641 445 1690 preter
470 1649 631 1689 augem
663 1641 708 1676 et
742 1635 836 1689 ejus
869 1635 1121 1688 oppositum
1155 1635 1364 1675 describit
1393 1636 1646 1688 porcionem

105 1704 250 1746 circuli
272 1705 397 1758 quasi
420 1703 629 1746 reflexive
647 1719 656 1755 ;
689 1717 797 1757 quas
819 1717 972 1744 omnes
1003 1703 1232 1756 porciones
1255 1710 1374 1744 secat
1397 1704 1649 1757 superficies

105 1774 309 1815 ecentrici
332 1787 410 1826 per
426 1773 516 1814 duo
541 1774 694 1814 media.
750 1773 885 1815 Unde
902 1772 1062 1813 accidit
1095 1772 1212 1825 quod
1239 1773 1394 1813 eadem
1417 1772 1648 1826 longitudo

47 1859 86 1891 ²5
108 1843 253 1884 media
273 1841 513 1894 aliquando
535 1842 591 1882 sit
614 1842 656 1881 in
679 1841 908 1894 superficie
931 1840 1146 1890 ecentrici,
1166 1840 1404 1894 aliquando
1427 1840 1648 1883 declinans

105 1913 161 1954 ad
184 1910 541 1965 septentrionem,
565 1910 834 1964 quandoque
857 1909 912 1950 ad
938 1909 1176 1950 meridiem.

162 1980 322 2021 Veneri
344 1985 492 2020 autem
515 1979 852 2032 appropriantur
873 1985 962 2020 tres
985 1978 1132 2019 circuli
1157 1983 1199 2018 et
1225 1978 1420 2032 quinque
1442 1985 1600 2020 motus.

166 2050 217 2090 In
241 2048 461 2090 Mercurio
484 2053 570 2089 tres
591 2047 739 2090 circuli
770 2054 813 2089 et
835 2061 915 2088 sex
940 2053 1098 2097 motus,
1122 2046 1178 2087 ad
1200 2046 1461 2088 salvandum
1484 2061 1535 2089 ea
1561 2061 1646 2101 que

104 2119 148 2159 in
169 2118 231 2160 eis
253 2124 477 2171 apparent.

43 2205 85 2238 30
164 2187 244 2230 Set
265 2200 351 2240 que
379 2191 480 2227 sunt
507 2187 784 2239 apparencia,
811 2191 990 2239 propter
1018 2198 1104 2238 que
1130 2190 1198 2225 tot
1225 2184 1409 2226 circulos
1431 2190 1474 2225 et
1498 2193 1645 2227 motus

103 2256 389 2310 ymaginatus
417 2260 483 2295 est
515 2254 803 2295 Ptholomeus
836 2254 878 2294 in
917 2253 1045 2294 Luna
1073 2258 1116 2294 et
1148 2253 1341 2306 quinque
1375 2252 1482 2303 aliis,
1515 2254 1645 2294 nimis

103 2325 326 2380 prolixum
349 2330 463 2365 esset
491 2323 560 2365 hic
589 2322 836 2372 declarare3
868 2322 946 2363 sed
969 2327 1115 2376 potest
1144 2322 1238 2376 ipse
1260 2322 1368 2364 scire
1391 2322 1466 2376 qui
1487 2322 1645 2363 Alma-

94 2395 214 2449 gesti
232 2394 467 2447 diligenter
489 2392 697 2446 inspicere
718 2391 915 2437 voluerit.

167 2484 412 2538 Capitulum
442 2490 610 2525 sextum
645 2482 725 2537 <de
768 2482 995 2526 sentenciis
1025 2482 1212 2523 aliorum
1243 2482 1320 2536 qui
1347 2481 1517 2524 imitati
1543 2489 1650 2524 sunt

43 2573 83 2605 35
100 2550 445 2605 Plholomeum).

162 2633 276 2675 Sunt
320 2639 470 2673 autem
514 2631 822 2673 Ptholomeum
875 2631 1034 2671 imitati
1081 2630 1125 2670 in
1174 2629 1374 2683 quolibet
1424 2630 1642 2671 dictorum

104 2709 304 2744 motuum
326 2700 582 2754 Albategni‚
605 2699 811 2750 Thebith,
838 2706 881 2740 et
906 2697 1134 2747 Arzachel,
1158 2711 1256 2739 cum
1289 2698 1384 2740 aliis
1416 2698 1612 2752 pluribus
1633 2711 1642 2747 ;

154 2792 193 2821 34
220 2778 384 2820 sextum]
405 2783 466 2818 51¹2.
489 2778 530 2809 M
545 2789 654 2820 marg.

1672 1370 1771 1409 123b
1793 1380 1820 1403 1.
