1945 3079
126 593 186 628 127
204 583 224 614 b
245 596 273 619 1.

128 2539 188 2574 127
209 2532 230 2564 b
247 2541 277 2566 2.

1026 50 1111 102 436

294 163 374 203 fuit
398 164 440 202 in
464 162 758 216 responsione.
822 160 869 202 Si
893 162 1005 203 circa
1028 168 1226 203 centrum
1256 163 1566 215 convexitatis,
1590 177 1690 205 cum
1712 164 1770 206 ab
1791 178 1843 206 ea

293 232 485 284 quedam
518 231 612 284 ejus
642 237 790 284 partes
822 237 1039 283 quantum
1073 231 1129 272 ad
1163 244 1312 272 earum
1346 234 1669 274 concavitatem
1705 233 1845 286 magis

293 301 615 354 elongarentur,
658 307 702 340 et
745 300 939 352 quedam
984 300 1139 350 minus,
1185 314 1362 342 necesse
1404 308 1471 343 est
1513 308 1659 356 partes
1701 302 1845 344 minus

292 370 520 423 elongatas
543 369 770 422 expellere
792 375 940 422 partes
963 370 1159 422 corporis
1183 369 1294 410 infra
1317 371 1462 423 ipsum
1492 372 1689 412 contenti
1710 385 1736 412 a
1756 371 1847 413 suis

291 440 410 489 locis,
450 439 517 479 vel
555 440 644 480 duo
687 452 871 492 corpora
904 451 1000 478 esse
1038 439 1081 478 in
1122 439 1281 480 eodem
1314 439 1444 490 loco;
1476 446 1519 480 et
1556 440 1668 482 inter
1699 447 1883 493 partes5

293 509 434 563 magis
457 508 687 561 elongatas
718 513 762 548 et
784 515 933 561 partes
963 508 1159 561 corporis
1189 509 1384 550 contenti
1415 510 1580 550 moveri
1603 508 1846 563 derelinqui

290 592 476 620 vacuum
507 577 511 632 Ι
539 577 608 618 vel
630 583 779 631 partes
803 577 1000 630 corporis
1025 577 1225 618 contenti
1249 576 1455 632 <moveri>
1482 578 1728 631 adimplent
1748 593 1845 633 spa-

291 648 407 688 cium
446 648 556 688 inter
607 661 682 687 eas
735 645 968 687 inclusum.
1051 645 1120 687 Ita
1173 645 1413 700 aliquando
1465 647 1637 689 accidet
1687 651 1847 702 corpus

291 717 570 768 elementale,
604 715 771 757 scilicet
804 716 949 768 ignem
983 721 1243 757 contentum
1279 717 1336 756 ab
1367 716 1474 758 orbe
1503 717 1640 767 Lune,
1680 717 1847 758 moveri

291 787 492 839 superius
525 787 581 827 ad
615 784 890 838 implendum
923 785 1066 826 locum
1100 786 1143 825 in
1177 799 1266 839 quo
1299 785 1381 827 fuit
1413 800 1572 840 corpus
1603 786 1778 838 celeste,
1803 793 1848 829 et
1869 801 1910 824 10

292 857 372 897 erit
394 870 551 910 corpus
576 855 735 897 celeste
758 854 853 895 loco
876 855 1069 908 corporis
1098 854 1380 896 elementaris
1407 862 1507 909 post
1535 856 1846 910 expulsionem

292 924 385 978 ejus
408 939 433 966 a
455 925 553 966 loco
576 939 668 966 suo.

352 994 540 1035 Accidet
557 995 696 1036 eciam
720 1008 778 1036 ex
801 1003 926 1037 motu
950 996 1044 1050 ejus
1061 997 1176 1037 circa
1199 995 1546 1045 convexitatem,
1568 994 1845 1048 superficiem

291 1077 530 1104 concavam
554 1064 696 1104 tocius
720 1064 799 1105 celi
823 1078 911 1105 non
934 1079 1028 1106 esse
1050 1078 1227 1119 semper
1248 1063 1571 1106 concentricam
1591 1076 1600 1112 ;
1635 1064 1845 1117 quoniam

292 1140 490 1174 centrum
525 1134 677 1174 mundi
705 1135 883 1175 unicum
917 1141 983 1176 est
1015 1140 1059 1175 et
1091 1133 1345 1184 immobile;
1390 1139 1456 1174 set
1486 1133 1530 1173 in
1562 1133 1683 1174 dicto
1721 1140 1846 1193 motu
1870 1148 1907 1180 15

291 1209 470 1255 oportet
502 1209 702 1244 centrum
734 1204 1021 1244 concavitatis
1048 1217 1179 1257 super
1209 1203 1420 1244 circulum
1453 1203 1646 1256 primum
1675 1203 1845 1254 mutari,

291 1272 413 1324 cujus
440 1279 638 1313 centrum
663 1279 728 1313 est
752 1279 951 1314 centrum
981 1272 1227 1326 superficiei
1251 1272 1479 1322 ecentrice‚
1504 1278 1547 1312 et
1569 1273 1846 1314 semidiame-

291 1341 345 1382 tri
384 1342 601 1383 distancia
638 1342 749 1383 inter
781 1348 981 1382 centrum
1020 1342 1226 1383 ecentrici
1264 1348 1307 1383 et
1349 1347 1550 1383 centrum
1586 1342 1769 1393 mundi;
1802 1349 1846 1383 et
1908 1336 1911 1339 ’

293 1410 452 1451 accidit
485 1411 528 1451 in
565 1411 853 1452 circulacione
885 1424 971 1452 una
1006 1411 1281 1465 superficiem
1319 1424 1557 1452 concavam
1599 1409 1714 1452 Solis
1751 1424 1848 1452 esse

293 1480 629 1528 concentricam,
672 1480 774 1533 quia
819 1480 954 1521 semel
995 1481 1153 1522 accidit
1196 1479 1289 1533 ejus
1323 1486 1522 1522 centrum
1557 1493 1657 1521 cum
1695 1487 1847 1522 centro
1868 1494 1909 1515 ²0

295 1549 447 1590 mundi
471 1549 690 1603 conjungi.

353 1618 488 1672 Quod
521 1625 668 1659 autem
703 1625 929 1660 ostensum
962 1625 1029 1660 est
1059 1619 1149 1672 jam
1184 1619 1238 1659 de
1272 1618 1379 1659 orbe
1412 1618 1576 1670 infimo,
1599 1619 1765 1661 scilicet
1791 1620 1848 1661 de

294 1688 399 1728 orbe
428 1688 567 1738 Lune,
598 1702 675 1742 per
703 1688 933 1742 prehabita
963 1695 1112 1742 potest
1141 1689 1315 1729 ostendi
1345 1689 1399 1729 de
1429 1689 1685 1742 corporibus
1713 1689 1847 1730 inter—

295 1758 462 1797 mediis.
526 1757 574 1798 Si
597 1757 712 1798 enim
735 1771 1044 1811 comparemus
1068 1758 1186 1812 ipsos
1208 1758 1264 1798 ad
1289 1758 1416 1799 orbes
1438 1757 1696 1811 superiores,
1718 1764 1842 1814 patet

294 1833 475 1880 propter
506 1827 622 1868 dicta
654 1827 1009 1868 inconveniencia
1041 1828 1161 1882 quod
1194 1840 1281 1867 non
1314 1835 1499 1881 possunt
1533 1828 1696 1869 moveri
1727 1829 1844 1870 circa
1867 1845 1906 1878 25

294 1903 493 1937 centrum
534 1897 696 1938 mundi.
761 1897 822 1938 Et
856 1903 1036 1952 propter
1069 1897 1225 1938 eadem
1259 1897 1397 1937 eciam
1438 1902 1563 1950 patet
1599 1899 1720 1951 quod
1757 1911 1846 1939 non

294 1972 480 2018 possunt
504 1967 667 2007 moveri
691 1966 805 2006 circa
828 1972 1026 2007 centrum
1045 1966 1354 2016 convexitatis,
1378 1967 1412 2006 si
1432 1965 1670 2008 referamus
1692 1980 1768 2009 eos
1788 1968 1846 2008 ad

294 2035 423 2075 orbes
457 2035 692 2077 inferiores.
755 2036 859 2076 Non
902 2043 1090 2089 possunt
1126 2036 1240 2077 circa
1278 2035 1396 2076 aliud
1430 2042 1630 2077 centrum
1669 2037 1845 2085 moveri,

294 2104 503 2157 quoniam
523 2118 788 2158 quocunque
810 2106 927 2154 dato,
946 2112 1130 2159 utraque
1144 2105 1483 2159 comparacione
1499 2104 1627 2156 facta,
1645 2105 1847 2147 accident

293 2173 563 2227 inpossibilia
584 2175 795 2229 predicta.
860 2175 920 2215 Et
953 2188 1040 2216 non
1072 2181 1258 2228 possunt
1281 2174 1552 2227 inpossibilia
1588 2174 1668 2216 hec
1704 2175 1845 2226 vitari,
1866 2191 1908 2224 30

294 2245 374 2283 nisi
404 2257 622 2296 ponamus
648 2244 766 2297 quod
797 2243 1208 2297 hujusmodi'orbes
1232 2231 1491 2284 moveantur
1512 2244 1622 2288 circa
1644 2251 1845 2286 centrum

296 2313 459 2362 mundi,
496 2318 539 2354 et
576 2314 695 2365 quod
731 2319 878 2367 partes
921 2313 1039 2353 orbis
1082 2313 1279 2354 contenti
1318 2319 1361 2353 et
1400 2313 1662 2354 continentis
1700 2313 1844 2366 equali

295 2382 510 2423 distancia
544 2396 569 2422 a
599 2389 751 2423 centro
785 2382 952 2433 mundi,
982 2388 1198 2435 quantum
1231 2381 1395 2422 scilicet
1430 2382 1485 2421 ad
1517 2382 1844 2423 convexitatem

295 2451 571 2502 continentis,
594 2452 680 2492 sint
703 2451 945 2492 secundum
969 2449 1222 2504 superficies
1244 2449 1374 2490 simul
1399 2456 1522 2490 entes
1545 2450 1588 2490 in
1611 2456 1706 2492 tota
1728 2456 1843 2492 rota-

296 2520 419 2560 cione
441 2521 649 2561 contenti.
712 2519 800 2562 Sed
820 2533 934 2560 nunc
956 2519 1125 2560 accidet
1144 2518 1241 2559 illos
1259 2518 1387 2559 orbes
1405 2518 1549 2572 equali
1578 2517 1583 2574 Ι
1611 2519 1845 2561 velocitate
1863 2529 1910 2562 35·

298 2589 473 2640 moveri,
510 2596 554 2630 et
593 2589 758 2630 eisdem
803 2588 1010 2636 motibus,
1044 2587 1167 2641 cujus
1207 2588 1474 2629 contrarium
1523 2589 1684 2642 probat
1733 2588 1844 2630 fides

297 2658 483 2698 oculata.
549 2658 608 2699 Et
641 2659 779 2699 eciam
813 2657 974 2699 frustra
1016 2662 1284 2710 ponerentur
1315 2657 1530 2698 ecentrici.
1594 2657 1697 2698 Non
1726 2659 1843 2699 enim

298 2727 423 2778 ponit
456 2739 530 2767 eos
566 2727 850 2767 Ptholomeus
882 2732 925 2768 et
959 2726 1031 2766 alii
1066 2725 1322 2778 astronomi,
1347 2725 1428 2766 nisi
1459 2731 1639 2780 propter
1671 2732 1842 2768 motum
