1945 3079
165 2160 292 2201 95b2.

1027 89 1110 144 326

303 222 400 248 mus
426 206 639 248 unitatem
665 204 994 259 superficierum
1026 204 1068 244 in
1095 209 1310 258 quantum
1333 203 1587 257 superficies
1609 209 1722 255 sunt,
1746 216 1850 245 con-
1939 205 1945 256 ἔ

300 283 387 318 stat
417 277 536 330 quod
571 281 673 317 sunt
705 275 904 324 diverse3
937 274 972 315 si
1010 273 1338 315 consideremus
1374 273 1591 314 unitatem
1624 286 1774 314 earum
1807 273 1850 314 in
1942 257 1945 288 ¹

300 353 516 399 quantum
544 345 709 386 habent
735 343 939 397 equalem
968 343 1263 384 subtilitatem
1293 351 1472 396 propter
1500 357 1634 396 quam
1665 356 1752 383 non
1783 349 1852 384 est

301 415 473 464 fraccio,
493 415 554 456 sic
577 428 664 456 non
686 419 788 455 sunt
811 413 1106 455 determinate
1128 411 1382 467 superficies
1406 426 1486 453 nec
1504 413 1722 453 distincte.
1771 411 1850 453 Set

301 486 384 526 hoc
407 498 494 526 non
518 490 583 526 est
606 490 821 538 quantum
845 483 901 524 ad
925 489 1129 524 naturam
1153 482 1429 536 quantitatis,
1463 488 1529 523 set
1551 486 1768 540 quantum
1792 482 1850 523 ad
1871 496 1889 528 5

301 553 562 608 qualitatem
591 554 689 595 talis
715 553 976 607 quantitatis
1001 559 1045 593 et
1075 552 1240 606 quanti,
1269 558 1313 593 et
1342 552 1443 593 ideo
1473 551 1553 598 hec
1576 550 1854 592 uniformitas

301 638 389 665 non
418 623 642 665 concludit
673 623 887 664 unitatem
919 622 1247 676 superficierum
1281 622 1323 662 in
1357 628 1574 675 quantum
1605 619 1854 675 superficies

302 701 416 746 sunt,
432 700 498 734 set
516 693 659 734 solum
678 699 892 747 quantum
910 693 965 733 ad
984 691 1314 733 similitudinem
1332 691 1604 733 subtilitatis.
1649 690 1698 732 Si
1714 690 1853 732 eciam

302 764 518 804 obiciatur
555 777 632 816 per
665 761 957 804 Aristotelem
995 762 1140 815 primo
1177 760 1518 814 Matheoromavz,
1549 774 1623 801 aer
1660 766 1704 801 et
1741 760 1855 813 ignis

304 832 631 874 confunduntur
669 832 711 872 in
760 831 953 872 confinio
1007 844 1171 881 eorum,
1207 837 1251 872 et
1288 830 1337 872 fit
1370 844 1504 871 unum
1543 844 1601 871 ex
1639 829 1711 879 eis,
1744 842 1849 870 nam
1878 824 1945 871 10'

304 902 587 957 egrediuntur
608 907 755 955 partes
777 901 888 941 aeris
911 900 953 940 in
977 913 1153 953 speram
1177 900 1289 953 ignis
1307 906 1349 940 et
1367 914 1391 941 e
1409 899 1640 947 contrario,
1659 905 1708 940 ut
1721 899 1853 940 dicit:

303 972 541 1013 dicendum
569 971 688 1024 quod
714 970 795 1010 hec
826 970 1080 1023 penetracio
1110 983 1197 1010 non
1231 975 1297 1010 est
1328 983 1407 1023 per
1439 970 1684 1023 ingressum
1718 968 1856 1023 partis

303 1040 542 1093 corporalis
580 1047 646 1080 set
683 1038 820 1092 partis
856 1038 1067 1080 virtualis
1161 1039 1281 1079 Nam
1306 1039 1457 1079 -virtus
1499 1038 1614 1091 ignis
1650 1044 1854 1092 penetrat
1943 1051 1945 1058 ·

304 1124 451 1152 aerem
484 1116 528 1151 et
560 1109 697 1150 virtus
728 1108 840 1149 aeris
872 1114 1075 1163 penetrat
1108 1109 1270 1162 ignem,
1299 1114 1343 1149 et
1371 1108 1452 1149 hec
1482 1108 1737 1162 penetraciQ
1766 1121 1855 1149 non
1941 1063 1945 1148 i

305 1187 370 1222 est
407 1180 487 1221 nisi
526 1178 839 1234 multiplicacio
874 1178 1036 1233 speciei
1072 1179 1201 1219 unius
1238 1178 1282 1218 in
1317 1177 1546 1231 profundis
1583 1177 1762 1220 alterius
1796 1170 1852 1220 ‘et
1881 1195 1918 1228 ¹5

305 1264 329 1291 e
369 1249 603 1298 contrario,
637 1256 681 1290 et
714 1249 774 1290 sic
806 1247 1016 1289 alteratur
1053 1262 1128 1289 aer
1157 1249 1214 1290 ad
1247 1247 1580 1290 similitudinem
1614 1248 1725 1303 ignis
1757 1255 1801 1290 et
1833 1262 1858 1290 e

305 1320 524 1362 contrario
561 1325 606 1359 et
645 1319 706 1359 ita
743 1317 853 1359 fiunt
889 1318 1009 1371 paris
1054 1317 1313 1359 subtilitatis
1358 1311 1498 1359 et'fit
1542 1332 1616 1359 aer
1661 1317 1852 1359 multum

305 1389 469 1443 ignitus
501 1394 545 1429 et
577 1388 689 1441 ignis
722 1387 910 1429 multum
941 1401 1092 1428 aereus
1121 1401 1200 1440 per
1224 1387 1477 1440 hujusmodi
1507 1388 1734 1430 accionem
1765 1401 1858 1428 mu-

307 1465 457 1507 tuam;
481 1464 523 1499 et
546 1457 630 1498 hoc
654 1464 834 1498 vocatur
856 1456 1053 1498 confusio
1075 1457 1187 1498 aeris
1208 1464 1250 1498 et
1274 1457 1400 1510 ignis.

367 1528 482 1568 Item
511 1527 613 1569 licet
643 1540 831 1580 corpora
860 1526 1101 1568 secundum
1132 1527 1402 1579 quantitates
1429 1533 1473 1567 et
1495 1525 1746 1580 superficies
1767 1526 1853 1567 sint
1879 1544 1920 1566 20

306 1598 491 1647 diversa,
535 1603 683 1638 tamen
730 1596 918 1638 multum
960 1596 1319 1650 appropinquant
1366 1597 1422 1637 ad
1465 1596 1706 1650 aliqualem
1752 1609 1856 1637 con-

308 1667 558 1708 tinuitatem
593 1672 776 1720 propter
806 1666 918 1707 hanc
951 1673 1105 1708 nature
1137 1666 1501 1716 similitudinem;
1533 1672 1598 1707 set
1630 1679 1732 1707 vera
1754 1679 1858 1708 con-

308 1737 501 1777 tinuacio
524 1750 611 1777 non
635 1742 714 1788 est,
743 1743 809 1777 set
832 1737 1024 1789 quedam
1056 1736 1335 1789 contiguacio
1366 1737 1613 1791 propinqua
1644 1735 1859 1777 continui-

308 1806 402 1856 tati,
423 1812 467 1847 et
491 1806 589 1847 ideo
610 1820 668 1846 ex
691 1805 773 1846 hac
798 1805 962 1859 duplici
985 1819 1117 1847 causa
1133 1806 1240 1847 dicit
1256 1804 1524 1847 Aristoteles
1541 1805 1622 1847 hec
1639 1804 1860 1846 elementa

307 1875 525 1918 confundi.
588 1875 634 1917 Si
658 1876 828 1917 dicatur
850 1876 969 1929 quod
993 1876 1214 1917 elementa
1236 1881 1415 1929 oportet
1438 1889 1532 1917 esse
1556 1876 1786 1924 contraria,
1809 1881 1858 1916 ut
1883 1891 1922 1924 ²5

307 1958 461 1986 omnes
483 1945 687 1995 fatentur,
710 1952 775 1986 set
797 1951 970 1986 tantum
995 1959 1129 1985 unum
1153 1945 1226 1985 uni
1249 1945 1503 1999 opponitur,
1523 1951 1571 1986 ut
1589 1944 1858 1986 Aristoteles

282 2045 288 2052 .
307 2015 437 2055 docet
454 2020 505 2054 x⁰
521 2014 839 2068 Methaplez'sice
855 2015 976 2067 quod
993 2014 1118 2055 unius
1136 2014 1423 2056 dimensionis
1442 2012 1446 2070 Ι
1463 2021 1564 2056 sunt
1580 2020 1756 2056 tantum
1771 2014 1861 2055 duo

309 2090 524 2135 extrema,
557 2090 601 2124 et
633 2083 923 2125 contrarietas
955 2090 1021 2124 est
1053 2084 1245 2137 quedam
1276 2084 1505 2134 dimensio,
1540 2090 1588 2125 ut
1620 2083 1680 2125 ibi
1712 2080 1856 2138 dicit,{

311 2166 418 2206 ergo
439 2159 583 2194 essent
606 2158 779 2194 tantum
802 2153 892 2194 duo
913 2152 1143 2194 elementa.
1216 2153 1276 2194 Et
1299 2166 1386 2194 non
1409 2158 1556 2207 potest
1579 2153 1664 2194 dici
1680 2158 1858 2194 tantum

309 2228 410 2264 sunt
431 2223 521 2264 duo
543 2227 742 2264 extrema
769 2228 813 2263 et
842 2221 930 2263 alia
955 2228 1071 2263 sunt·
1086 2222 1233 2263 media
1264 2235 1349 2275 que
1381 2218 1598 2276 permittit
1621 2222 1734 2264 bene
1756 2235 1860 2263 con·
1880 2237 1922 2269 30

352 2371 374 2400 9
397 2360 696 2402 Metheororum]
714 2361 734 2392 i.
754 2372 785 2399 4.
1010 2370 1050 2399 27
1078 2359 1373 2401 Methaphisioe]
1388 2371 1421 2392 x.
1442 2370 1490 2399 14.
1936 2340 1945 2415 1

357 2496 384 2524 1,
401 2496 420 2516 2
438 2491 525 2526 sunt,
540 2490 675 2516 constat
691 2509 698 2516 .
717 2511 723 2518 .
742 2510 749 2517 .
766 2485 919 2527 diverse]
933 2495 1072 2525 semper
1085 2486 1221 2517 diverse
1234 2490 1315 2517 sunt
1328 2485 1536 2526 quantitates
1551 2486 1582 2518 O
1644 2496 1664 2526 3
1684 2487 1858 2529 equalem]

310 2538 465 2578 equalem
484 2538 656 2578 dyaphani
677 2536 707 2567 Ο
841 2539 861 2567 8
885 2537 1161 2578 similitudinem]
1180 2538 1504 2569 consimilitudinem
1526 2537 1557 2569 Ο
1701 2549 1736 2569 11
1762 2550 1861 2579 egre·

309 2591 446 2621 diuntur
463 2613 470 2620 .
492 2614 498 2621 .
518 2613 525 2620 .
544 2589 734 2630 contrario]
750 2589 992 2629 ingrediuntur
1006 2595 1120 2629 partes
1138 2590 1228 2629 ignis
1244 2594 1359 2630 partes
1375 2591 1465 2622 aeris
1484 2590 1514 2622 O
1612 2592 1663 2631 16,
1682 2601 1720 2630 17
1746 2596 1781 2623 et
1797 2615 1806 2623 .
1828 2616 1835 2623 .
1853 2615 1860 2624 .

309 2642 478 2674 contrario
494 2651 560 2673 om.
579 2641 622 2672 M
754 2652 791 2681 17
817 2641 871 2682 fit]
889 2647 942 2672 est
960 2641 990 2672 O
1110 2651 1153 2672 20
1175 2641 1259 2683 sint]
1277 2648 1356 2673 sunt
1375 2642 1406 2673 O
1517 2653 1555 2673 21
1581 2643 1861 2685 continuitatem]

309 2693 610 2725 continuacionem
630 2693 660 2724 O
794 2704 836 2733 23
861 2693 1095 2734 continuitati]
1114 2694 1330 2725 continuatos
1350 2694 1381 2725 O
1522 2696 1565 2725 26
1587 2695 1788 2737 opponitur]
1807 2701 1860 2727 est

309 2746 517 2777 contrarium
537 2745 567 2776 O
690 2755 730 2785 27
755 2746 856 2777 docet
871 2745 929 2787 κο]
947 2745 1027 2776 dicit
1044 2747 1081 2775 2⁰
1099 2745 1141 2775 M
1239 2745 1346 2787 quod]
1363 2746 1443 2786 quia
1462 2746 1492 2777 O
1603 2748 1645 2778 28
1669 2746 1720 2789 et]
1737 2757 1803 2779 om.
1822 2747 1865 2778 M

310 2809 352 2838 29
376 2797 505 2838 essent]
525 2802 624 2829 erunt
644 2797 674 2828 Ο
807 2808 860 2838 29,
878 2807 921 2837 3ο
945 2802 1076 2828 tantum
1094 2821 1100 2828 .
1123 2821 1130 2828 .
1150 2822 1157 2829 .
1179 2797 1263 2839 duo]
1282 2799 1372 2838 quod
1390 2799 1457 2829 duo
1475 2803 1576 2830 erunt
1595 2798 1626 2830 O
