1945 3079
113 1843 259 1883 115b1.

1010 54 1094 108 398

283 185 369 212 uno
404 169 660 219 individu03
698 182 805 224 ergo
832 169 1033 211 similiter
1063 169 1202 220 stella,
1235 183 1322 224 que
1351 170 1539 211 nobilior
1573 175 1651 212 est.
1715 170 1829 212 Item

283 240 407 280 aliter
430 245 599 293 peteret
629 238 805 280 inferior
834 238 962 280 stella
991 239 1137 281 locum
1161 239 1396 294 superioris
1418 246 1541 281 motu
1565 245 1698 291 recto,
1719 239 1831 281 sicut

283 310 449 350 dictum
481 314 547 349 est
577 309 632 349 de
661 308 856 361 orbibus,
887 308 1007 362 quod
1034 322 1122 350 non
1151 314 1217 350 est
1242 309 1463 363 possibile,
1492 315 1535 350 et
1564 315 1718 362 patent
1747 307 1830 350 alie

280 378 473 419 raciones
496 378 552 419 ad
575 377 659 418 hoc
682 378 794 419 sicut
816 378 871 419 de
893 378 1086 418 orbibus.

339 446 387 489 Si
404 448 576 489 dicatur
593 447 713 500 quod
733 447 873 501 figura
890 446 1141 488 essencialis
1162 447 1358 501 sequitur
1379 447 1435 488 ad
1458 453 1661 504 naturam
1684 459 1830 487 essen·
1851 463 1869 496 5

280 516 449 566 cialem,
479 523 523 558 et
550 516 676 558 stelle
706 530 860 558 omnes
889 516 1055 557 habent
1084 516 1270 557 eandem
1292 515 1492 569 figuram,
1515 529 1619 569 ergo
1642 515 1830 556 eandem

281 593 484 627 naturam
517 586 818 637 essencialem,
841 585 1174 627 concedendum
1207 592 1275 627 est
1306 585 1425 639 quod
1457 584 1708 638 generalem
1740 598 1828 626 non

282 656 531 710 specialem,
566 661 714 710 potest
751 656 868 696 enim
902 656 1016 697 bene
1049 669 1136 696 una
1173 655 1322 709 passio
1356 655 1599 696 secundum
1636 644 1829 708 speciem

280 726 491 779 consequi
524 727 580 767 ad
607 725 842 780 specialem
880 738 1012 765 unam
1050 723 1299 778 generalem
1335 729 1551 764 naturam.
1616 723 1735 764 Nam
1773 724 1830 765 ad

281 801 461 835 naturas
473 808 683 848 generum
699 801 908 836 secuntur
925 795 1100 849 proprie
1114 793 1339 847 passiones
1357 782 1568 847 specifice,
1586 792 1698 834 sicut
1715 792 1829 834 trina
1851 804 1892 828 10

285 865 503 906 dimensio
532 865 588 904 ad
621 878 781 918 corpus
803 864 1103 905 substanciam
1126 863 1245 917 quod
1270 869 1336 904 est
1358 863 1601 904 secundum
1623 875 1763 917 genus
1785 862 1828 903 in

281 934 626 987 predicamento,
649 939 693 974 et
715 934 776 974 sic
799 934 855 974 de
878 933 1039 974 multis.

342 1002 388 1044 Si
406 1003 580 1044 dicatur
596 1003 716 1056 quod
735 1003 1002 1044 Aristoteles
1024 1003 1217 1044 secundo
1244 1001 1336 1044 Celz·
1352 1008 1396 1042 et
1416 1001 1587 1042 Mundi
1604 1002 1750 1055 arguit
1772 1002 1830 1044 de

282 1078 405 1113 motu
432 1072 721 1113 involucionis
747 1072 850 1113 solis
878 1078 922 1112 et
952 1073 1008 1112 de
1031 1077 1155 1113 motu
1177 1071 1367 1125 girativo
1391 1071 1434 1111 in
1457 1069 1572 1122 luna,
1597 1071 1672 1125 qui
1696 1071 1732 1112 si
1755 1071 1828 1112 uni

279 1141 565 1183 convenirent
586 1141 724 1192 stelle,
742 1147 785 1183 et
806 1142 1012 1183 omnibus
1034 1141 1140 1192 aliis,
1159 1155 1263 1195 ergo
1282 1147 1463 1196 propter
1476 1154 1607 1182 unam
1626 1148 1826 1186 naturam
1850 1151 1890 1184 15

279 1212 336 1252 ad
358 1225 492 1265 quam
513 1224 624 1252 unus
648 1217 794 1252 motus
816 1212 1039 1265 sequitur;
1072 1210 1308 1252 dicendum
1332 1217 1399 1252 est
1426 1210 1546 1264 quod
1569 1217 1726 1252 natura
1747 1210 1829 1253 hec

280 1294 367 1322 non
410 1287 476 1322 est
517 1280 722 1334 specifica
763 1281 841 1322 sed
882 1280 1066 1333 generis,
1109 1281 1213 1334 quia
1251 1286 1399 1322 motus
1436 1294 1548 1322 unus
1584 1281 1826 1322 secundum

279 1350 472 1404 speciem
496 1351 609 1391 bene
631 1351 828 1404 sequitur
849 1351 906 1392 ad
929 1351 1102 1392 diversa
1124 1350 1167 1391 in
1189 1350 1346 1404 specie,
1372 1355 1420 1391 ut
1443 1357 1589 1392 motus
1621 1363 1646 1391 a
1679 1350 1827 1392 medio

278 1420 484 1461 convenit
506 1420 595 1460 aeri
615 1425 658 1461 et
680 1420 782 1474 igni.

340 1488 388 1530 Si
407 1489 578 1530 dicatur
600 1490 720 1543 quod
744 1503 875 1543 super
895 1489 1011 1531 hunc
1033 1489 1178 1530 locum
1202 1489 1309 1531 dicit
1333 1489 1560 1543 Averroys
1582 1491 1702 1543 quod
1724 1494 1826 1531 sunt
1849 1498 1890 1521 20

281 1558 479 1612 ejusdem
511 1559 685 1613 speciei,
719 1565 763 1600 et
794 1559 855 1600 sic
884 1560 1029 1600 reddit
1059 1560 1280 1600 racionem
1313 1559 1354 1601 in
1387 1559 1507 1601 dicto
1539 1558 1823 1601 Aristotelis:

282 1629 521 1670 dicendum
560 1634 627 1669 est
663 1629 784 1682 quod
815 1629 983 1670 dictum
1013 1628 1245 1682 Averroys
1276 1642 1364 1670 non
1396 1634 1463 1670 est
1488 1628 1826 1682 intelligendum

280 1697 350 1737 hic
383 1711 462 1751 pro
494 1698 638 1752 specie
671 1698 986 1751 specialissima
1018 1703 1084 1739 set
1116 1697 1382 1739 subalterna.
1447 1698 1565 1740 Nam
1596 1706 1753 1752 postea
1781 1699 1825 1739 in

280 1766 367 1808 alio
401 1766 498 1808 loco
528 1774 662 1820 negat
696 1768 739 1808 in
762 1767 899 1809 stellis
926 1781 1021 1809 esse
1043 1767 1328 1821 equalitatem
1352 1773 1508 1808 nature
1533 1767 1749 1821 specifice,
1782 1776 1826 1809 et

279 1836 387 1877 dicit
421 1837 539 1890 quod
572 1837 838 1891 participant
865 1835 872 1893 Ι
900 1837 1086 1878 eandem
1120 1844 1323 1878 naturam
1356 1836 1598 1878 secundum
1631 1837 1749 1892 prius
1783 1843 1827 1879 et
1848 1849 1887 1883 25

280 1907 512 1958 posterius,
525 1907 645 1959 quod
664 1920 752 1946 non
767 1906 928 1948 accidit
943 1908 986 1947 in
1003 1907 1148 1960 specie
1167 1905 1493 1960 specialissima,
1510 1913 1577 1947 set
1595 1906 1637 1947 in
1653 1919 1826 1960 genere,

279 1976 521 2016 secundum
547 1975 840 2017 Aristotelem
864 1976 999 2018 tercio
1023 1975 1350 2029 Methaphiszte.
1423 1974 1470 2016 Si
1493 1975 1665 2017 dicatur
1685 1975 1825 2017 eciam

279 2044 400 2097 quod
436 2057 461 2084 a
499 2045 743 2085 motoribus
775 2044 1003 2086 stellarum
1036 2045 1110 2099 qui
1145 2051 1248 2086 sunt
1278 2045 1531 2086 substancie
1563 2044 1824 2099 spirituales,

278 2112 445 2154 habent
468 2113 663 2155 diversas
683 2114 868 2155 virtutes
889 2115 1133 2156 secundum
1157 2114 1362 2168 speciem,
1385 2113 1453 2154 vel
1483 2128 1508 2155 a
1530 2127 1661 2155 causa
1683 2113 1825 2167 prima

277 2196 362 2236 que
385 2188 535 2224 movet
557 2190 731 2225 tantum
755 2184 961 2238 primum,
979 2190 1022 2225 et
1040 2183 1139 2224 ideo
1157 2196 1383 2224 remanere
1400 2190 1583 2236 possunt
1605 2182 1647 2223 in
1667 2183 1828 2224 eadem>
1843 2194 1885 2227 30

277 2258 434 2293 natura
455 2251 661 2305 specifica
683 2252 942 2306 recipientes
971 2248 1164 2294 diversas
1191 2252 1385 2301 virtutes,
1407 2261 1451 2293 et
1473 2252 1824 2294 transmittentes

276 2322 333 2361 ad
359 2321 439 2362 hec
463 2321 678 2372 inferiora,
701 2335 806 2375 ergo
828 2329 931 2364 sunt
953 2322 1151 2376 ejusdem
1180 2321 1339 2376 speciei
1367 2322 1611 2363 secundum
1638 2335 1696 2370 se,
1723 2321 1824 2363 licet

276 2389 363 2430 sint
386 2389 680 2432 instrumenta
703 2391 913 2432 virtutum
937 2391 1208 2433 diversarum
1231 2392 1471 2433 secundum
1494 2392 1698 2445 speciem.
1763 2391 1824 2432 Et

276 2457 357 2498 hec
374 2459 490 2499 racio
505 2466 571 2500 est
585 2459 834 2512 aliquorum
850 2461 1113 2514 ponencium
1132 2460 1388 2514 exemplum
1407 2461 1463 2502 de
1477 2460 1620 2502 calore
1637 2459 1824 2502 naturali

279 2533 322 2568 et
355 2527 587 2581 speciebus
615 2529 690 2582 qui
728 2529 940 2582 recipiunt
977 2531 1160 2570 virtutes
1189 2530 1350 2582 anime,
1383 2543 1460 2584 per
1491 2543 1598 2584 quas
1629 2530 1822 2572 diversas
1843 2539 1883 2572 35

323 2650 372 2681 13,
392 2651 434 2672 20
458 2641 497 2673 de
520 2640 593 2672 Celo
616 2645 644 2673 et
667 2641 800 2673 Mundo
824 2642 857 2673 ii.
883 2652 950 2683 493
975 2653 1018 2683 59
1042 2647 1072 2674 et
1094 2653 1212 2674 comm.
1238 2641 1385 2673 ‘Omnia
1409 2652 1553 2683 corpora
1576 2643 1717 2675 celestia
1740 2649 1822 2676 sunt

275 2695 428 2727 eiusdem
460 2701 583 2727 nature
617 2697 746 2736 speciei
761 2698 779 2728 '.
975 2707 1016 2737 24
1042 2698 1108 2729 alio
1133 2696 1226 2739 loco]
1252 2696 1291 2728 de
1312 2697 1510 2729 Substantia
1545 2697 1652 2738 Orbis,
1684 2708 1758 2739 cap.
1786 2708 1817 2738 5.

275 2759 316 2788 27
344 2750 638 2792 Methaphisice]
657 2751 703 2783 iii.
727 2761 774 2783 11.
