1945 3079
809 125 890 163 411

142 226 219 269 Set
241 227 343 281 quia
365 227 524 280 aliquis
542 233 690 281 posset
725 227 887 282 fingere
910 227 1058 270 stellas
1088 229 1252 270 moveri
1276 228 1317 270 in
1345 228 1442 270 loco
1465 242 1544 270 suo
1577 235 1625 270 ut

84 297 127 337 in
165 303 289 351 parte
321 296 440 336 orbis
483 296 791 347 determinata,
825 296 925 338 ideo
962 296 1044 338 hoc
1082 297 1342 350 reprobatur
1381 298 1623 339 secundum

84 364 387 416 Aristotelem,
405 377 506 405 nam
529 364 611 405 hoc
636 371 749 406 esset
772 379 858 405 uno
881 364 1104 420 duo<rum>
1123 367 1369 416 modorum,
1388 367 1553 408 scilicet
1576 373 1625 408 ut

82 434 200 487 quod
224 439 478 474 remanente
500 433 654 474 eadem
676 433 785 475 facie
807 434 933 475 stelle
958 435 1013 476 ad
1048 447 1126 476 nos
1150 434 1442 476 revolveretur
1464 436 1504 475 in
1529 435 1626 476 loco

46 518 63 550 5
81 516 173 550 su0‚
195 502 264 543 vel
296 503 414 555 quod
449 508 694 543 mutaretur
726 501 855 544 facies
874 517 882 554 ;
917 503 1083 556 primus
1106 510 1253 544 motus
1274 510 1456 544 vocatur
1480 510 1626 545 motus

82 570 382 619 involucionis‚
418 572 635 612 secundus
671 579 854 613 vocatur
896 577 1040 613 motus
1072 571 1364 613 titubacionis.
1429 573 1623 613 Primum

82 639 267 681 destruit
289 638 555 680 Aristoteles
578 641 772 681 secundo
808 639 959 682 Celz'et
989 640 1180 691 Affundz'3
1214 654 1315 681 nam
1345 654 1432 681 non
1455 641 1626 682 videtur

83 708 326 756 convenire,
352 708 432 748 nisi
461 707 554 748 Soli
577 709 695 761 apud
719 722 922 749 occasum
945 715 987 749 et
1018 714 1180 757 ortum,
1202 715 1245 749 et
1267 710 1302 750 si
1325 710 1362 749 ei
1386 710 1625 750 communi-

83 782 166 827 cat,
203 782 376 831 oportet
412 777 531 829 quod
565 776 660 817 aliis
691 784 871 830 propter
903 783 1105 818 naturam
1142 777 1392 831 generalem
1429 777 1625 817 omnium

27 866 65 889 ιο
83 845 323 886 stellarum.
388 844 435 886 Si
478 844 574 885 aliis
615 858 703 885 non
740 846 957 896 convenit,
995 858 1101 898 ergo
1135 858 1214 886 nec
1253 844 1345 886 Soli
1384 847 1624 886 secundum

81 915 326 965 veritatem,
353 920 398 956 et
420 914 520 955 ideo
551 913 694 955 solum
727 914 931 955 convenit
964 915 1001 954 ei
1033 914 1275 955 secundum
1301 915 1626 968 apparenciam.

81 985 213 1026 Visus
234 984 363 1034 enim,
393 989 441 1024 ut
470 983 590 1034 dicit,
619 996 719 1024 cum
750 983 879 1025 fuerit
912 983 1099 1024 multum
1126 989 1320 1024 remotus
1343 990 1386 1024 et
1416 990 1627 1024 extensus

85 1053 321 1096 revolvitur
353 1058 533 1107 propter
573 1052 850 1094 debilitatem
891 1066 1029 1101 suam,
1067 1058 1110 1093 et
1153 1052 1273 1105 quod
1303 1052 1469 1092 accedit
1505 1052 1627 1104 visui,

83 1123 314 1164 estimatur
341 1120 346 1177 Ι
375 1136 400 1162 a
437 1122 532 1162 visu
568 1121 771 1163 recedere
804 1121 1044 1169 visibiliter,
1077 1129 1120 1162 et
1154 1122 1259 1162 dicit
1291 1121 1362 1161 hic
1399 1121 1627 1174 Averroys

25 1207 63 1240 15
83 1192 202 1247 quod
225 1204 283 1232 ex
313 1190 586 1244 longitudine
608 1190 791 1231 visibilis
824 1190 1173 1232 discontinuatur
1194 1191 1310 1231 visus
1343 1196 1386 1230 et
1412 1190 1626 1230 abscindi-

83 1267 164 1311 tur,
182 1267 227 1302 et
242 1261 340 1301 ideo
362 1260 521 1301 accidit
543 1259 775 1300 diversitas
798 1259 840 1299 in
863 1258 1034 1299 visibili.
1115 1258 1241 1300 Sicut
1262 1259 1295 1299 si
1319 1258 1455 1299 homo
1479 1259 1627 1299 videat

83 1343 176 1370 rem
214 1342 301 1370 uno
339 1328 469 1370 oculo
511 1329 750 1369 secundum
784 1327 1170 1382 permutacionem,
1203 1327 1246 1367 id
1277 1332 1354 1377 est,
1387 1327 1520 1367 modo
1551 1340 1628 1380 per

83 1411 219 1438 unum
252 1397 387 1438 modo
412 1410 489 1450 per
516 1397 664 1445 aliurn,
687 1402 731 1438 et
762 1397 822 1438 sic
854 1409 990 1450 sepe;
1021 1396 1089 1437 vel
1127 1396 1162 1437 si
1195 1409 1283 1436 uno
1313 1395 1499 1448 aspiciat
1521 1395 1628 1445 solo,

82 1473 150 1508 set
181 1466 422 1520 aliquando
454 1466 630 1507 claudat
662 1466 838 1507 oculum
873 1472 916 1506 et
948 1465 1182 1519 aliquando
1214 1464 1374 1514 videat,
1406 1463 1629 1504 videbitur

27 1550 66 1573 20
83 1548 151 1576 res
173 1536 334 1576 mutari
357 1542 401 1577 et
423 1534 702 1576 diversificari
725 1534 768 1574 in
796 1548 877 1575 suo
899 1534 984 1575 situ
1008 1539 1188 1588 propter
1209 1532 1625 1573 diversificacionem

83 1603 245 1646 factam
277 1605 320 1645 in
363 1603 503 1655 oculo,
540 1604 643 1658 quia
684 1603 803 1645 locus
844 1603 981 1644 forme
1023 1609 1066 1643 et
1107 1602 1266 1656 speciei
1309 1601 1382 1651 rei,
1428 1607 1476 1641 ut
1517 1601 1624 1642 dicit

82 1667 324 1727 Averroys,
357 1687 444 1714 non
483 1679 548 1714 est
577 1673 692 1714 idem
725 1673 844 1727 apud
879 1672 1066 1722 oculum,
1100 1678 1144 1712 et
1178 1671 1372 1711 maxime
1402 1670 1461 1710 rei
1494 1676 1627 1719 mote,

82 1743 193 1783 sicut
215 1748 280 1783 est
300 1743 439 1785 stella.

144 1812 204 1854 Et
227 1813 328 1854 licet
355 1813 522 1867 equalis
551 1812 607 1853 sit
631 1811 844 1853 distancia
873 1811 930 1852 ab
953 1810 1080 1852 oculo
1107 1810 1162 1850 ad
1186 1809 1357 1851 stellam
1388 1810 1431 1850 in
1460 1809 1630 1851 oriente

25 1899 63 1931 25
83 1889 126 1923 et
159 1883 201 1922 in
236 1882 429 1932 meridie,
462 1887 612 1922 tamen
640 1881 881 1922 secundum
915 1880 1225 1933 apparenciam
1258 1879 1376 1919 visus
1408 1877 1630 1919 videbitur

84 1964 179 1992 esse
203 1951 343 2004 major
367 1951 543 2004 quando
576 1957 642 1991 est
671 1949 714 1990 in
737 1949 917 2002 oriente,
942 1962 1045 1989 nam
1072 1961 1228 2001 corpus
1260 1953 1370 1988 terre
1400 1946 1631 2000 interjacet

85 2021 198 2062 inter
218 2035 298 2062 nos
331 2027 375 2062 et
409 2020 564 2069 oriens,
588 2026 631 2060 et
664 2020 762 2060 ideo
794 2024 976 2072 propter
1007 2017 1270 2058 distanciam
1298 2016 1629 2070 interjacentem

85 2089 298 2132 visibilem
332 2089 598 2144 percipimus
630 2089 892 2129 distanciam
927 2099 1065 2139 usque
1097 2087 1153 2126 ad
1186 2084 1362 2127 stellam
1394 2085 1436 2126 in
1463 2085 1631 2126 oriente

86 2173 219 2213 quarn
251 2173 330 2201 nos
363 2172 450 2199 non
483 2158 747 2212 percipimus
780 2169 917 2209 usque
950 2157 1005 2196 ad
1038 2155 1210 2196 stellam
1237 2155 1278 2195 in
1311 2155 1504 2204 meridie,
1528 2154 1632 2206 quia

26 2242 68 2274 30
86 2242 246 2282 corpus
268 2227 530 2280 interjacens
553 2233 618 2267 est
642 2240 714 2267 aer
732 2232 776 2267 et
792 2225 1072 2279 perspicuum
1091 2223 1172 2264 celi
1195 2237 1279 2277 que
1306 2236 1393 2263 non
1414 2229 1517 2264 sunt
1537 2223 1630 2263 visu

87 2297 341 2339 notabiliter
360 2296 563 2346 visibilia,
587 2302 631 2337 et
653 2296 752 2336 ideo
774 2295 948 2336 videtur
969 2292 1094 2334 stella
1118 2292 1258 2345 magis
1287 2291 1448 2333 distare
1469 2292 1512 2331 in
1535 2297 1631 2332 ortu

23 2389 25 2392 .
87 2374 131 2409 et
166 2380 323 2408 occasu
356 2380 488 2420 quam
527 2365 704 2418 quando
737 2370 802 2404 est
840 2364 883 2403 in
915 2362 1108 2403 meridie.
1171 2362 1285 2402 Item
1310 2361 1427 2402 visus
1458 2365 1633 2414 reputat

88 2436 230 2478 celum
253 2436 376 2490 quasi
395 2435 527 2490 plane
549 2434 687 2488 figure
710 2439 754 2474 et
770 2446 901 2486 super
921 2437 1053 2486 caput
1071 2437 1308 2472 extensum
1331 2430 1387 2471 ab
1404 2429 1633 2471 occidente

86 2505 130 2546 in
161 2506 317 2555 oriens,
353 2510 398 2545 et
436 2504 537 2544 ideo
568 2501 694 2544 stella
726 2502 906 2555 quando
942 2506 1009 2541 est
1042 2500 1086 2540 in
1124 2499 1318 2549 meridie,
1353 2497 1471 2539 visus
1507 2495 1634 2550 ponit

131 2667 149 2696 7
175 2657 257 2688 Geli
274 2659 312 2688 et
329 2654 483 2696 Mundi]
501 2654 534 2687 ii.
553 2655 605 2693 48.
785 2663 827 2683 22
850 2650 1057 2693 Averroys]
1076 2650 1140 2683 loc.
1158 2650 1212 2682 cit.
1232 2649 1266 2681 in
1280 2659 1399 2681 comm.

133 2795 171 2825 18
194 2792 249 2825 vel
265 2793 332 2825 iter.
352 2793 392 2824 M

1648 1137 1708 1170 119
1726 1129 1748 1160 b
1768 1137 1795 1158 1.
