1945 3079
790 136 871 182 353

45 249 172 284 netur
192 242 249 283 ab
271 255 383 283 aere.
462 239 677 283 Similiter
698 241 830 295 plana
853 255 940 282 non
966 248 1115 295 posset
1138 256 1232 283 esse
1255 248 1434 296 propter
1456 255 1589 295 equa-

43 311 216 353 litatem
269 310 483 351 linearum
535 310 796 363 predictam.
878 309 995 351 Item
1052 318 1236 365 propter
1288 311 1588 352 exclusionem

47 379 171 422 vacui
208 386 252 421 et
293 378 600 433 possibilitatis
641 379 697 420 ad
740 392 928 420 vacuum
963 386 1139 432 oportet
1177 381 1298 432 quod
1334 380 1389 420 sit
1423 380 1589 432 sperice

46 448 185 502 figure
216 461 416 490 convexe
447 447 707 489 naturaliter
739 454 867 488 extra
904 448 986 488 nisi
1018 448 1138 489 aliud
1170 455 1284 490 esset
1317 455 1445 490 extra
1476 461 1589 499 eam,

9 533 28 566 5
47 518 158 559 sicut
190 523 256 558 est
289 518 345 559 de
375 516 481 558 celo.
545 517 659 558 Item
690 517 747 558 sit
778 517 824 558 A
853 517 1005 558 oculus
1033 517 1282 572 aspicientis
1311 518 1353 558 in
1386 525 1516 572 portu
1546 523 1589 557 et

48 586 125 628 BC
152 586 287 637 navis,
309 592 353 627 et
376 585 457 627 FG
480 585 636 636 malus,
657 592 759 627 tunc
790 584 794 640 Ι
821 600 846 626 a
867 587 1123 629 summitate
1141 587 1244 627 mali
1266 587 1463 628 trahatur
1479 587 1592 627 linea
1614 601 1672 623 102
1692 592 1713 622 b
1733 600 1760 623 2.

49 662 166 697 recta
195 669 333 708 usque
358 656 413 696 ad
442 655 618 696 oculum
647 661 690 696 et
719 654 921 696 similiter
945 670 971 697 a
1000 656 1113 710 pede
1142 656 1244 696 mali
1270 656 1468 696 trahatur
1496 669 1593 708 per-

50 724 341 778 pendicularis
362 725 419 765 ad
437 723 627 774 oculum,
656 722 660 777 Ι
690 723 974 766 manifestum
997 731 1063 765 est
1086 725 1220 778 igitur
1241 738 1318 778 per
1343 730 1444 777 19²³mu
1465 723 1594 776 primi
1614 739 1654 770 O.
1678 738 1715 769 18
1733 739 1766 770 b,

49 793 381 834 Elementorum
408 793 527 847 quod
553 791 642 834 AG
673 793 790 833 linea
819 793 959 844 major
989 799 1056 834 est
1085 807 1219 846 quam
1249 792 1348 843 AF,
1371 800 1413 834 et
1446 798 1595 833 tamen

0 877 33 902 10
51 862 247 904 existens
284 863 327 903 in
364 862 622 903 summitate
656 862 758 903 mali
800 862 969 903 videbit
1009 869 1186 916 portum
1216 868 1260 903 et
1297 861 1367 902 ille
1404 874 1489 902 non
1522 861 1598 913 qui

51 931 202 973 est'in
244 932 357 986 pede
398 931 500 971 mali
543 931 843 985 propinquius,
883 932 1003 984 quod
1039 945 1127 972 non
1168 938 1234 973 est
1276 930 1484 985 possibile
1517 930 1598 971 nisi

50 999 215 1053 aliquid
246 1000 480 1054 prohibeat
507 1001 650 1041 visum
681 999 793 1042 illius
823 1000 897 1053 qui
921 1007 987 1042 est
1016 1001 1060 1041 in
1092 1001 1205 1054 pede
1235 1000 1349 1041 mali.
1413 999 1492 1041 Set
1514 999 1599 1040 hoc

52 1083 148 1111 esse
171 1083 258 1110 non
282 1076 432 1124 potest
454 1070 536 1110 nisi
561 1070 809 1111 rotunditas
832 1070 975 1111 maris.

113 1138 175 1180 Et
199 1145 304 1179 tunc
333 1138 426 1192 jam
458 1139 514 1179 de
547 1145 663 1180 terra
689 1138 969 1180 manifestum
1002 1145 1070 1180 est
1101 1140 1222 1192 quod
1250 1139 1503 1181 naturaliter
1534 1144 1599 1179 est

0 1220 34 1254 ¹5
54 1207 221 1261 sperica
262 1220 462 1248 convexa
503 1208 712 1260 quatinus
754 1215 940 1261 equetur
981 1208 1227 1262 superficiei
1269 1223 1381 1262 aque
1420 1208 1602 1262 sperice‚

54 1289 316 1329 quacunque
345 1277 463 1317 enim
495 1276 581 1317 alia
603 1276 744 1329 figura
777 1277 882 1318 data
911 1290 998 1317 non
1030 1277 1110 1317 erit
1140 1277 1383 1330 adequacio
1412 1285 1460 1318 ut
1482 1277 1602 1330 prius

55 1351 121 1386 est
143 1345 414 1398 expositum,
436 1351 481 1386 et
504 1345 706 1385 similiter
737 1352 918 1399 propter
951 1346 1251 1388 exclusionem
1278 1347 1404 1387 vacui
1426 1352 1603 1399 oportet

56 1414 176 1467 quod
205 1413 261 1455 sit
291 1414 456 1467 sperice
488 1413 627 1467 figure
655 1427 865 1465 convexe‚
896 1415 1008 1456 sicut
1040 1415 1207 1456 dictum
1237 1422 1304 1457 est
1337 1416 1391 1456 de
1422 1429 1538 1468 aqua
1559 1422 1603 1456 et

57 1482 164 1524 celo.
227 1481 287 1524 Et
301 1483 458 1523 iterum
481 1490 722 1537 postquam
741 1491 856 1524 terra
873 1490 939 1524 est
964 1489 1068 1524 nata
1083 1484 1144 1525 ire
1160 1485 1216 1525 ad
1230 1490 1427 1525 centrum
1453 1484 1602 1524 mundi

0 1570 41 1593 20
59 1558 103 1593 et
125 1551 320 1605 quelibet
352 1566 452 1605 pars
475 1552 570 1606 ejus
601 1551 803 1594 similiter
834 1559 1052 1606 quantum
1082 1560 1240 1607 potest,
1275 1567 1378 1607 ergo
1409 1554 1602 1594 medium

59 1620 153 1675 ejus
175 1621 257 1662 erit
279 1621 533 1663 naturaliter
554 1621 596 1662 in
621 1623 768 1664 medio
793 1623 958 1673 mundi,
982 1624 1100 1676 quod
1124 1629 1191 1665 est
1214 1630 1410 1664 centrum
1437 1623 1603 1663 mundi.

62 1689 122 1731 Et
162 1696 331 1743 quanto
367 1697 514 1744 partes
549 1691 643 1745 ejus
676 1691 870 1744 undique
907 1692 1199 1733 consistentes
1236 1698 1338 1733 sunt
1373 1692 1604 1745 graviores,

59 1765 187 1801 tanto
210 1766 339 1801 erunt
362 1761 698 1815 propinquiores
721 1767 883 1809 centro,
907 1767 950 1800 et
973 1761 1034 1802 sie
1056 1760 1169 1801 ultra
1192 1775 1328 1814 usque
1351 1761 1406 1801 ad
1429 1760 1608 1801 ultimas

61 1829 315 1871 exteriores.
389 1830 511 1883 Ergo
533 1843 631 1870 cum
663 1829 737 1871 ille
760 1836 861 1871 nate
890 1836 992 1871 sunt
1018 1829 1230 1883 equaliter
1251 1831 1609 1884 appropinquare

2 1914 42 1949 ²5
61 1906 213 1940 centro
246 1899 350 1952 quia
376 1898 591 1952 equaliter
622 1912 776 1953 graves
807 1905 911 1941 sunt
934 1913 1011 1953 per
1042 1906 1258 1949 naturam‚
1281 1905 1457 1952 oportet
1488 1899 1608 1953 quod

63 1968 291 2022 equalibus
328 1967 453 2008 lineis
497 1975 599 2009 nate
640 1968 728 2010 sint
769 1982 795 2009 a
833 1975 984 2010 centro
1026 1969 1190 2010 distare
1231 1969 1438 2022 undique,
1472 1982 1610 2021 quare

62 2036 419 2078 terminabuntur
460 2036 542 2077 hee
584 2036 698 2077 linee
739 2037 796 2077 ad
843 2038 1174 2078 convexitatem
1207 2051 1344 2092 spere.
1408 2038 1503 2078 Hec
1544 2044 1609 2078 est

63 2106 256 2147 intencio
287 2105 686 2147 demonstracionis
712 2105 974 2147 Aristotelis
1006 2109 1200 2148 secundo
1238 2106 1328 2149 Celz'
1354 2113 1399 2148 et
1427 2107 1608 2147 lllzmdz‘.

66 2175 181 2217 Item
205 2176 248 2215 in
270 2174 356 2215 fine
377 2174 557 2216 secundi
580 2175 657 2216 dat
680 2174 932 2229 hujusmodi
955 2176 1164 2230 raciones,
1189 2177 1337 2217 dicens
1366 2177 1485 2229 quod
1508 2176 1612 2216 luna

3 2262 48 2294 30
66 2245 245 2298 quando
268 2245 504 2299 eclipsatur
532 2252 772 2299 antequam
795 2244 1042 2298 perficiatur
1071 2245 1255 2299 eclipsis,
1278 2246 1417 2287 seccio
1439 2259 1525 2298 que
1547 2253 1613 2286 est

66 2315 109 2354 in
141 2327 321 2369 corpore
353 2313 454 2354 lune
491 2320 556 2355 est
589 2328 762 2369 semper
797 2313 936 2369 figura
966 2314 1150 2357 arcualis
1186 2322 1230 2356 et
1259 2329 1471 2356 convexa.
1534 2313 1614 2355 Set

67 2382 150 2424 hoc
172 2396 259 2424 non
277 2389 424 2438 potest
437 2396 531 2424 esse
553 2383 633 2424 nisi
652 2389 832 2439 propter
854 2382 1017 2439 aliquid
1037 2384 1278 2425 rotundum
1302 2385 1420 2437 quod
1444 2390 1615 2424 secatur

112 2553 155 2583 28
178 2554 260 2585 Geli
276 2556 315 2584 et
329 2551 480 2593 Mundi]
499 2551 533 2583 ii⁸
553 2561 604 2591 31.
742 2562 784 2591 29
807 2553 847 2582 in
865 2554 940 2583 fine
958 2552 1133 2594 secundi]
1151 2553 1184 2584 ii.
1207 2563 1278 2593 109.

113 2715 132 2744 4
157 2703 238 2745 nisi]
259 2708 294 2734 et
311 2704 338 2735 si
357 2703 464 2735 nichil
479 2703 522 2734 M
630 2713 649 2743 5
675 2704 763 2735 sicut
781 2726 787 2734 .
809 2728 816 2735 .
835 2727 842 2735 .
860 2703 934 2734 celo
950 2714 1016 2735 om.
1034 2703 1076 2734 M
1186 2714 1223 2735 11
1249 2703 1356 2744 quod]
1374 2704 1439 2734 hoc
1455 2707 1568 2733 autem
1589 2703 1619 2733 O

73 2767 114 2796 13
138 2755 348 2796 rotunditas]
366 2756 540 2787 tumiditas
559 2755 602 2786 M
710 2765 749 2786 21
776 2755 849 2794 ejus
866 2766 930 2787 om.
951 2755 993 2786 M
1124 2765 1232 2795 24-—25
1257 2755 1534 2795 appropinquare
1552 2779 1559 2787 .

10 2819 14 2823 ’
73 2808 241 2849 equaliter
256 2817 325 2839 om.
341 2807 384 2838 M
492 2809 534 2838 26
558 2806 655 2848 nate]
673 2812 753 2838 nata
771 2806 802 2837 Ο

138 2887 252 2906 R.n.1v
806 2862 879 2903 Bb
