1945 3079
102 491 163 523 118
182 492 203 524 b
222 499 249 522 1.

109 2367 169 2399 118
187 2367 209 2399 b
230 2376 258 2399 2.

1002 24 1086 76 408

270 148 471 183 naturam
491 154 624 194 quam
647 153 762 182 nunc
785 141 920 182 habet
941 141 1052 183 sicut
1075 154 1154 182 nec
1177 146 1291 193 ante,
1308 141 1424 182 unde
1447 147 1560 184 esset
1582 142 1637 184 de
1660 149 1817 185 natura

270 209 525 251 elementari
549 216 593 250 et
615 209 887 263 corruptibili
909 216 1001 252 tam
1024 216 1127 251 ante
1148 224 1283 264 quam
1306 218 1420 264 post.

330 278 404 319 Ad
436 278 638 331 quintum
669 279 918 331 dicendum,
941 280 1059 332 quod
1091 279 1166 320 ubi
1198 280 1354 321 divisio
1385 280 1603 334 possibilis
1633 287 1699 322 est
1731 293 1818 321 non

271 347 432 389 accidit
463 348 692 402 corrupcio
713 356 894 403 propter
916 349 1174 390 divisionem
1198 349 1241 389 in
1265 349 1393 390 rebus
1421 350 1617 403 ejusdem
1651 355 1818 401 nature,

271 416 428 457 saltem
452 416 492 457 in
516 422 614 458 toto
637 423 680 458 et
704 418 746 457 in
768 424 905 471 parte,
923 418 1027 472 quia
1049 431 1151 471 pars
1173 431 1285 470 aque
1306 431 1423 470 aqua
1446 424 1522 468 est,
1542 424 1586 458 et
1608 432 1709 472 pars
1729 418 1818 459 vini
1837 439 1855 471 5

270 487 421 527 vinum
459 492 537 536 est,
573 492 616 527 et
654 500 754 540 pars
787 487 928 528 carnis
964 501 1066 528 caro
1103 492 1179 537 est,
1210 486 1215 539 1
1254 487 1370 527 unde
1405 500 1493 527 non
1525 487 1820 540 corrumpitur

270 561 427 595 natura
464 554 667 608 specifica
707 561 890 610 propter
926 556 1183 597 divisionem
1221 556 1264 595 in
1300 555 1476 608 talibus.
1549 555 1629 597 Set
1669 545 1820 597 tamen

270 624 551 666 divisibilitas
587 624 668 665 hec
703 625 1027 667 concomitatur
1062 625 1254 678 aliquam
1291 638 1469 666 causam
1507 625 1818 679 corrupcionis.

272 693 419 735 Omne
451 695 566 735 enim
601 693 735 735 molle
764 694 835 735 vel
865 695 1023 735 durum
1055 694 1190 735 habet
1222 694 1410 735 formam
1445 708 1532 748 que
1565 693 1723 735 debilis
1755 700 1821 736 est

275 763 536 814 resistencie,
566 776 645 803 nec
676 777 722 805 se
751 769 899 816 potest
928 777 1199 814 conservare,
1228 769 1271 804 et
1305 763 1404 804 ideo
1436 777 1571 817 agens
1602 763 1821 805 sufficiens
1843 783 1882 806 10

273 832 512 873 adveniens
529 838 677 886 potest
701 832 855 873 tollere
879 832 1066 874 formam
1086 840 1334 887 presentem
1358 839 1402 873 et
1424 833 1665 888 producere
1687 832 1820 873 aliam

273 903 328 943 de
360 903 564 956 potencia
596 903 779 943 materie
797 918 805 954 ;
840 908 883 944 et
914 903 999 944 hoc
1031 909 1096 944 est
1128 904 1170 943 in
1200 902 1431 944 elementis
1457 909 1500 944 et
1531 903 1698 943 mixtis.
1761 902 1821 944 Et

273 971 373 1012 ideo
403 970 484 1013 hec
519 971 660 1012 forma
692 972 805 1012 bene
837 972 1055 1026 permittit
1084 986 1130 1013 se
1159 977 1203 1013 et
1236 985 1361 1012 suam
1391 972 1620 1012 materiam
1648 972 1821 1012 discon-

273 1041 435 1081 tinuari
459 1046 502 1080 et
526 1040 664 1081 dividi
686 1047 730 1082 et
763 1041 912 1082 multis
934 1041 1212 1094 passionibus
1235 1041 1373 1088 subici
1406 1054 1493 1094 que
1518 1047 1622 1082 sunt
1648 1054 1823 1082 annexe

272 1109 561 1163 corrupcioni.
638 1109 726 1151 Sed
768 1110 811 1150 in
853 1109 1087 1151 celestibus
1130 1123 1218 1151 non
1261 1115 1328 1150 est
1370 1110 1443 1150 ita.
1521 1110 1639 1151 Nam
1682 1110 1823 1157 forma
1845 1129 1884 1162 15

272 1179 432 1220 nobilis
453 1184 519 1220 est
541 1184 585 1219 et
607 1185 757 1232 potest
780 1179 980 1221 resistere
1003 1179 1122 1221 omni
1145 1186 1300 1221 nature
1321 1179 1631 1233 corrumpenti‚
1655 1185 1699 1220 et
1722 1173 1822 1221 ideo

273 1254 422 1302 potest
458 1261 717 1290 conservare
753 1263 799 1290 se
835 1255 987 1290 contra
1021 1261 1153 1289 omne
1186 1261 1321 1302 agens
1364 1247 1595 1302 corporale
1642 1255 1690 1289 ut
1733 1262 1822 1289 non

272 1317 492 1359 auferatur
514 1330 540 1357 a
560 1330 639 1358 sua
659 1318 853 1368 materia,
876 1323 919 1359 et
949 1318 1050 1359 ideo
1077 1331 1155 1371 per
1184 1330 1458 1370 consequens
1488 1330 1576 1358 non
1607 1317 1824 1372 permittit

272 1400 319 1428 se
341 1400 420 1428 nec
441 1400 564 1427 suam
588 1387 819 1428 materiam
843 1386 1156 1428 discontinuari
1179 1400 1257 1428 nec
1280 1387 1430 1427 dividi.

332 1455 411 1497 Set
442 1456 813 1497 considerandum
847 1463 914 1497 est
946 1456 1015 1497 hic
1048 1455 1168 1509 quod
1203 1455 1543 1497 Commentator
1571 1455 1824 1497 Aristotelis
1844 1476 1887 1499 20

273 1525 401 1566 aliter
427 1524 627 1566 dissolvit
655 1525 768 1565 hanc
800 1525 1091 1578 questionem,
1124 1531 1275 1566 tamen
1308 1524 1474 1565 solucio
1507 1524 1601 1578 ejus
1633 1538 1721 1566 non
1756 1531 1824 1566 est

274 1594 490 1634 sufficiens
525 1607 605 1634 nec
639 1593 767 1644 utilis,
804 1600 870 1634 set
908 1594 1055 1634 forsan
1094 1593 1216 1635 falsa.
1282 1594 1389 1634 Ideo
1421 1594 1598 1648 negligo
1630 1608 1728 1635 eam
1766 1594 1823 1634 ad

274 1677 462 1717 presens,
487 1676 574 1704 non
604 1663 720 1703 enim
752 1669 899 1717 potest
924 1663 1066 1716 aptari
1090 1663 1145 1703 ad
1170 1662 1440 1703 solucionem
1461 1670 1824 1717 argumentorum

274 1745 360 1785 que
383 1731 494 1773 fiunt
519 1732 561 1772 in
585 1732 862 1773 contrarium.

334 1802 510 1842 Deinde
550 1801 790 1842 videndum
839 1808 905 1842 est
954 1815 1009 1843 an
1056 1801 1175 1843 aliud
1217 1807 1527 1856 argumentum
1569 1802 1825 1844 Aristotelis
1845 1820 1884 1853 25

275 1870 463 1912 sufficiat
502 1884 600 1912 cum
636 1872 781 1925 arguit
818 1885 975 1912 sonum
1012 1871 1213 1926 generari
1249 1872 1285 1912 si
1326 1871 1454 1912 stella
1492 1878 1741 1913 moveretur
1779 1872 1821 1912 in

274 1940 393 1980 orbe.
469 1940 658 1981 Videtur
687 1940 806 1993 quod
839 1953 939 1988 non,
972 1941 1075 1994 quia
1113 1953 1244 1981 sonus
1276 1954 1364 1980 non
1393 1939 1442 1981 fit
1469 1954 1526 1981 ex
1557 1939 1652 1981 solo
1686 1946 1822 1991 motu,

276 2015 324 2049 ut
355 2009 450 2050 vult
471 2010 667 2050 secundo
688 2008 740 2049 de
762 2009 944 2050 Anima.
1011 2009 1127 2050 Nam
1160 2010 1218 2050 ibi
1248 2016 1428 2063 propter
1456 2009 1539 2050 hoc
1570 2009 1676 2050 dicit
1705 2010 1824 2063 quod

275 2079 461 2132 spongia
476 2083 519 2119 et
536 2077 636 2119 lana
650 2091 805 2118 sonum
824 2092 911 2119 non
928 2077 1102 2128 faciunt,
1118 2078 1219 2119 licet
1238 2085 1499 2119 moveantur
1516 2085 1559 2119 et
1577 2078 1823 2120 adinvicem

276 2147 596 2201 percuciantur,
619 2161 722 2201 ergo
745 2162 770 2188 a
792 2154 917 2202 parte
947 2148 1031 2188 ista
1056 2147 1253 2188 similiter
1281 2161 1369 2188 non
1392 2147 1467 2188 fiet
1489 2161 1622 2188 sonus
1644 2153 1825 2200 propter
1844 2165 1887 2197 30

276 2215 390 2258 hunc
425 2223 608 2257 motum.
686 2217 811 2267 Item,
850 2229 984 2257 sonus
1019 2221 1084 2257 est
1120 2216 1336 2270 passibilis
1374 2216 1562 2269 qualitas
1595 2217 1708 2257 sicut
1739 2216 1825 2256 alie

276 2285 512 2338 qualitates
526 2285 765 2334 sensibiles,
784 2291 832 2326 ut
849 2285 979 2336 color,
995 2285 1115 2335 odor,
1136 2291 1179 2326 et
1196 2291 1352 2343 cetera.
1408 2284 1487 2326 Set
1505 2270 1623 2326 nulla
1639 2284 1823 2326 aliarum

278 2369 335 2395 ex
372 2354 469 2395 solo
504 2361 628 2396 motu
661 2355 722 2405 fit,
755 2368 859 2408 ergo
898 2368 978 2395 nec
1016 2367 1161 2395 sonus.
1237 2354 1363 2403 Item,
1401 2360 1582 2407 propter
1615 2352 1620 2409 Ι
1653 2360 1824 2395 motum

279 2424 405 2467 stelle
437 2438 523 2466 non
557 2431 809 2466 causaretur
840 2423 987 2478 aliqua
1016 2424 1102 2465 alia
1130 2424 1186 2464 de
1216 2424 1493 2464 sensibilibus
1525 2423 1825 2478 qualitatibus,

280 2508 386 2548 ergo
423 2507 503 2535 nec
536 2507 683 2535 sonus.
749 2493 808 2534 Et
842 2500 989 2546 potest
1027 2493 1111 2534 dici
1146 2493 1265 2546 quod
1303 2493 1384 2534 hec
1421 2493 1537 2533 racio
1568 2491 1824 2535 Aristotelis
1844 2509 1884 2542 35

279 2563 488 2605 fundatur
519 2576 652 2616 supra
683 2562 1040 2604 contrarietatem
1063 2575 1148 2616 que
1180 2567 1247 2603 est
1277 2561 1388 2602 inter
1410 2562 1570 2602 durum
1603 2567 1656 2606 et⁴
1679 2561 1822 2603 molle.

322 2722 364 2752 28
389 2725 434 2754 de
451 2721 607 2763 Anima]
626 2722 659 2754 ii.
680 2723 731 2761 78.
