1945 3079
823 116 902 160 451

95 223 231 265 tercio
263 229 307 265 et
328 231 487 277 quarto
513 222 740 278 motubus>
766 223 822 265 ad
845 224 1117 266 occidentem
1146 226 1200 266 de
1222 226 1365 280 primo
1387 243 1488 271 vero
1513 237 1633 272 motu

98 292 224 334 Lune
244 292 634 347 comprehenditur
655 293 877 334 modicum
906 294 1023 347 quod
1048 295 1228 335 additur
1251 297 1396 337 medio
1420 301 1571 350 motui,
1593 307 1637 340 et

95 362 362 414 quandoque
378 361 434 403 ab
450 375 502 402 eo
518 362 741 411 minuitur,
756 368 803 402 ut
820 363 1220 416 comprehendatur
1237 364 1330 417 ejus
1345 379 1494 409 cursus
1511 382 1637 409 verus

95 430 138 470 in
169 431 345 485 cingulo
372 431 608 484 signorum,
639 431 711 484 qui
740 445 854 472 nunc
880 438 946 472 est
979 432 1121 483 eicior,
1143 446 1256 475 nunc
1282 435 1459 478 tardior.
1522 437 1634 478 Cum

55 516 73 547 5
95 505 243 540 autem
267 499 498 553 dyameter
521 500 687 553 epicicli
712 500 838 541 Lune
865 499 870 555 Ι
900 501 1112 542 transiens
1134 515 1211 556 per
1233 517 1392 557 augem
1415 519 1562 546 veram
1589 513 1634 547 et

95 568 190 621 ejus
212 569 467 623 oppositum
490 570 772 611 continuatur
795 569 837 610 in
858 570 1072 611 directum
1093 585 1101 621 ;
1133 585 1221 611 non
1247 573 1402 614 transit
1432 588 1510 628 per
1537 588 1637 616 cen-

94 644 208 678 trum
227 638 426 691 equantis
441 638 521 678 nisi
536 652 635 679 cum
651 645 847 680 centrum
864 638 1033 692 epicicli
1048 646 1113 681 est
1129 640 1171 680 in
1187 654 1299 694 auge
1314 649 1388 683 aut
1407 643 1450 683 in
1465 645 1638 697 opposi-

94 706 220 747 cione
241 707 365 760 augis
385 707 599 755 ecentrici,
617 714 682 748 set
700 707 856 748 transit
875 721 951 761 per
969 714 1182 761 punctum
1202 710 1243 750 in
1262 710 1493 764 dyametro
1512 726 1638 753 ecen-

95 775 189 817 trici
222 776 341 829 quod
373 776 509 817 distat
540 790 565 816 a
602 782 752 817 centro
791 777 990 830 equantis
1027 778 1140 819 sicut
1173 786 1372 820 centrum
1410 783 1638 823 eccentrici

34 864 74 886 ιο
95 844 341 893 deferentis,
352 844 413 885 ita
428 851 477 884 ut
491 845 546 885 sit
561 851 761 886 centrum
777 844 906 899 hujus
921 847 1123 900 equantis
1139 848 1180 887 in
1198 849 1637 904 mediohujuspuncti

96 918 140 953 et
169 913 307 954 centri
336 914 554 955 ecentrici.
609 914 669 955 Et
701 914 801 955 ideo
831 915 945 956 linea
967 928 1052 969 que
1074 916 1169 957 exit
1190 917 1246 957 ab
1268 917 1352 958 hoc
1377 926 1540 971 puncto
1562 933 1639 973 per

94 988 295 1023 centrum
320 983 486 1037 epicicli
505 997 678 1037 semper
696 984 890 1024 ostendit
908 984 1225 1038 longitudinem
1246 988 1437 1028 mediam
1457 989 1637 1042 epicicli.

154 1052 229 1092 Ex
263 1051 347 1093 hoc
383 1058 532 1093 autem
563 1053 724 1094 accidit
760 1053 941 1107 epiciclo
979 1054 1022 1094 in
1055 1060 1177 1095 motu
1215 1069 1295 1097 suo
1328 1056 1520 1106 reflexio,
1551 1071 1638 1111 qua

95 1121 286 1162 declinat
328 1134 443 1162 nunc
479 1122 535 1162 ad
572 1122 786 1162 orientem
824 1135 939 1162 nunc
980 1123 1036 1163 ad
1078 1124 1362 1175 occidentem,
1399 1126 1501 1178 quia
1538 1140 1636 1167 cum

33 1211 72 1244 ¹5
101 1196 302 1230 centrum
335 1189 501 1244 epicicli
534 1191 667 1231 currit
698 1191 755 1231 ab
785 1204 896 1244 auge
927 1191 982 1232 ad
1013 1192 1346 1245 opposicionem
1381 1194 1515 1248 augis,
1548 1209 1638 1236 aux

93 1272 196 1300 vera
219 1259 387 1312 epicicli
409 1260 604 1313 precedit
627 1259 833 1312 mediam,
851 1266 895 1300 et
918 1262 1097 1312 quando
1119 1262 1252 1302 currit
1273 1263 1330 1303 ab
1355 1264 1640 1317 opposicione

93 1328 221 1381 augis
247 1328 302 1368 ad
327 1341 502 1382 augem,
529 1329 674 1369 media
695 1342 842 1370 veram
867 1330 1071 1382 precedit.

156 1397 308 1439 Motus
330 1404 479 1439 autern
502 1397 769 1451 reliquorum
792 1398 985 1451 quinque
1007 1399 1162 1440 diversi
1182 1406 1283 1440 sunt
1306 1414 1331 1440 a
1354 1408 1476 1442 motu
1501 1402 1638 1453 Lune‚

95 1471 142 1507 et
164 1467 291 1508 orbes
313 1481 462 1508 eorum
482 1467 640 1508 diversi
657 1474 758 1508 sunt
781 1467 838 1508 ab
859 1467 1040 1508 orbibus
1059 1468 1196 1520 Lune‚
1214 1475 1257 1510 et
1274 1469 1429 1510 diversi
1453 1470 1637 1512 invicem

32 1557 73 1580 ιο
96 1536 246 1589 quoad
279 1536 418 1586 orbes,
449 1550 475 1577 a
508 1536 637 1577 Luna
668 1536 942 1577 diversantur
969 1543 1119 1578 tamen
1150 1544 1363 1591 equantes
1394 1539 1639 1581 deferentes

97 1605 209 1647 sicut
235 1607 452 1656 ecentrici,
473 1619 560 1648 non
589 1606 650 1647 sic
673 1612 821 1647 autem
843 1606 922 1647 fuit
945 1606 988 1646 in
1012 1606 1152 1648 Luna.
1212 1608 1288 1649 Ad
1312 1615 1523 1662 equantes
1546 1609 1639 1663 qui-

76 1671 197 1717 'dem
236 1675 483 1716 referuntur
523 1682 670 1717 motus
708 1675 841 1716 medii
878 1676 1071 1730 quinque
1107 1676 1303 1727 istorum,
1341 1678 1553 1730 quoniam
1595 1679 1638 1719 in

92 1743 446 1786 circumferentes
470 1758 621 1786 eorum
638 1745 943 1786 describuntur
959 1745 1136 1798 equales
1153 1759 1277 1786 arcus
1300 1746 1343 1787 in
1365 1748 1639 1800 temporibus

101 1814 330 1868 equalibus
352 1829 428 1868 per
442 1814 603 1856 lineam
623 1815 922 1869 egredientem
944 1828 969 1855 a
991 1815 1153 1856 centris
1176 1817 1436 1868 equancium
1459 1817 1639 1858 ductam

33 1901 71 1934 ²5
94 1898 172 1938 per
182 1890 380 1926 centrum
394 1884 675 1938 epiciclorum
692 1897 868 1925 suorum
884 1884 938 1925 ad
952 1890 1149 1926 centrum
1165 1885 1347 1926 istorum
1363 1886 1639 1939 equancium.

95 1953 169 1996 Sic
192 1959 259 1994 est
280 1953 520 1995 declinacio
544 1954 746 1996 diametri
773 1953 1006 2007 cujuslibet
1027 1953 1195 2007 epicicli
1219 1954 1414 2008 ipsorum
1437 1961 1481 1996 et
1504 1955 1640 2009 ipsius

97 2023 292 2072 reflexio,
310 2024 430 2078 quod
455 2024 592 2065 eciam
612 2024 652 2064 in
677 2023 804 2065 Luna
827 2036 914 2064 non
939 2023 1170 2076 contingit.
1232 2023 1393 2077 Quoad
1417 2032 1562 2067 motus
1580 2026 1640 2067 sic

95 2091 316 2140 differunt,
352 2106 451 2134 nam
489 2093 674 2146 quilibet
712 2093 921 2147 ipsorum,
954 2105 1055 2133 cum
1091 2098 1157 2133 est
1192 2092 1234 2133 in
1272 2099 1396 2146 parte
1429 2094 1640 2147 superiori

96 2162 277 2217 epicicli,
300 2168 503 2203 movetur
531 2163 589 2203 ad
612 2162 835 2212 orientem,
859 2162 901 2202 in
929 2168 1055 2215 parte
1084 2175 1186 2202 vero
1219 2161 1410 2204 inferiori
1442 2165 1497 2204 ad
1528 2164 1637 2205 occi-

31 2248 73 2279 30
92 2232 414 2286 dentem,cujus
429 2231 696 2274 contrarium
712 2238 806 2273 erat
820 2231 863 2272 in
874 2231 1016 2282 Luna;
1039 2231 1225 2272 invicem
1241 2233 1641 2286 eciam,quiaorbes

94 2307 138 2343 et
165 2299 170 2355 Ι
199 2308 345 2343 motus
361 2302 632 2343 diversantur
649 2308 759 2355 quot
774 2302 827 2342 ad
853 2301 982 2342 orbes
1005 2301 1194 2355 quidem,
1215 2302 1276 2342 sic
1299 2308 1498 2342 centrum
1523 2302 1641 2345 defe-

95 2371 229 2412 rentis
266 2370 502 2425 cujuslibet
538 2371 720 2412 istorum
763 2376 968 2424 quatuor,
1003 2370 1194 2421 Saturni,
1226 2371 1361 2424 Jovis,
1397 2372 1566 2422 Martis,
1598 2379 1643 2414 et

95 2440 280 2482 Veneris
298 2453 307 2490 3
339 2446 459 2482 secat
476 2440 633 2481 lineam
649 2453 734 2493 que
757 2446 822 2481 est
841 2440 955 2481 inter
969 2446 1166 2482 centrum
1184 2447 1297 2481 terre
1315 2447 1359 2482 et
1377 2441 1578 2495 equantis
1598 2442 1641 2482 in

95 2509 186 2551 duo
215 2510 361 2551 media
387 2509 746 2564 inseparabiliter.
808 2507 1018 2550 Centrum
1041 2523 1145 2550 vero
1175 2509 1412 2552 deserentis
1435 2509 1641 2552 Mercurii

29 2598 70 2630 35
96 2573 335 2620 revolvitur
346 2579 390 2619 in
404 2579 599 2632 quodam
614 2577 775 2620 circulo
789 2591 925 2631 parvo
939 2578 1058 2619 omni
1074 2578 1144 2619 die
1161 2579 1216 2619 de
1229 2579 1426 2632 partibus
1441 2581 1643 2633 equantis

95 2649 153 2689 ad
167 2649 442 2695 occidentem
457 2661 603 2690 secum
620 2661 778 2701 augem
791 2647 1027 2688 deferendo
1042 2647 1180 2689 simile
1194 2649 1339 2689 medio
1353 2650 1495 2689 cursui
1514 2648 1641 2691 Solis.

96 2717 206 2759 Inde
233 2718 430 2771 sequitur
458 2718 577 2771 quod
608 2722 806 2758 centrum
837 2716 1005 2770 epicicli
1033 2723 1227 2759 transeat
1253 2731 1380 2759 suum
1408 2724 1643 2772 equantem

140 2806 178 2837 13
204 2796 288 2837 qua]
306 2807 374 2836 quo
389 2795 428 2826 M
562 2805 603 2835 35
629 2796 719 2827 omni
738 2795 809 2837 die]
834 2796 952 2827 ordine
970 2795 1012 2826 M

1657 513 1787 553 132b1

1660 2307 1805 2347 132b2.
