1945 3079
101 1710 161 1742 118
178 1720 197 1741 a
218 1718 247 1741 Ι.

990 62 1076 112 406

259 177 531 231 quantitatis,
561 176 670 229 quia
703 176 961 217 continuum
1000 183 1043 218 et
1081 182 1296 231 quantum
1334 183 1400 220 est
1437 178 1667 220 divisibile.
1731 177 1811 221 Set

259 247 482 300 quantitas
513 245 707 300 precedit
736 245 995 288 naturaliter
1025 247 1320 301 privacionem
1350 261 1428 301 per
1456 261 1589 302 quam
1617 253 1684 289 est
1715 261 1809 288 cor-

260 316 424 369 rupcio‚
448 321 492 356 et
524 315 624 356 ideo
657 315 882 369 quantitas
915 322 980 356 est
1012 316 1056 356 in
1087 315 1216 357 rebus
1248 316 1654 371 incorruptibilibus
1687 323 1735 358 ut
1767 317 1811 358 in

260 385 366 435 celo,
389 390 433 425 et
465 384 604 425 eciam
631 397 841 426 numerus
865 391 930 426 est
952 384 996 425 in
1019 385 1286 426 substanciis
1308 385 1618 438 spiritualibus.
1695 385 1810 427 Item

260 454 488 507 corrupcio
520 467 608 494 non
643 460 709 494 est
741 453 821 494 nisi
854 467 932 507 per
962 459 1170 494 naturam
1203 454 1542 504 contrarietatis,
1576 460 1625 508 ut
1657 467 1810 496 omnes
1828 472 1846 504 5

260 523 413 565 sciunt.
462 522 540 564 Set
559 523 601 563 in
620 523 714 563 celo
731 536 820 564 non
835 529 948 564 esset
968 522 1110 576 major
1128 523 1412 565 contrarietas
1431 529 1531 576 post
1551 523 1812 564 divisionem

262 606 395 647 quam
426 598 539 634 ante.
607 591 734 642 Item,
757 591 869 646 ignis
897 592 939 633 in
969 605 1049 633 sua
1077 605 1206 645 spera
1235 599 1302 633 est
1328 592 1556 634 divisibilis
1582 592 1696 650 sicut
1727 591 1813 634 alia

261 662 495 712 elementa,
538 667 583 703 et
633 661 915 703 manifestum
963 667 1030 702 est
1070 662 1191 715 quod
1233 674 1418 716 vapores
1465 662 1708 703 ascendunt
1749 661 1812 702 in-

261 730 490 782 flammati,
513 737 561 772 ut
590 736 764 772 cometa
796 735 841 771 et
872 728 1139 783 hujusmodi.
1205 729 1285 771 Set
1312 730 1355 770 in
1389 744 1467 788 sua
1496 744 1625 785 spera
1651 736 1717 771 est
1747 730 1812 771 in-

263 799 570 853 corruptibilis,
607 813 707 841 cum
743 800 799 840 sit
841 813 942 854 pars
980 799 1132 840 mundi
1170 799 1428 849 essencialis,
1466 814 1571 855 ergo
1613 799 1814 840 similiter

261 875 409 924 potest
433 883 528 910 esse
551 870 606 910 de
629 868 734 910 celo.
801 869 914 911 Item
939 881 1202 923 quacunque
1225 869 1369 923 posita
1391 869 1604 910 divisione
1627 869 1670 909 in
1693 868 1813 923 ligno

261 938 331 979 vel
367 937 454 980 alio
488 951 754 992 quocunque
791 938 987 991 ejusdem
1025 945 1181 979 nature
1218 938 1261 978 in
1304 939 1504 992 partibus
1542 945 1587 980 et
1625 939 1668 979 in
1715 944 1813 979 toto

262 1013 509 1048 remaneret
532 1008 688 1049 eadem
712 1013 869 1048 natura
891 1013 995 1048 ante
1018 1007 1277 1048 divisionem
1301 1013 1475 1061 etpost.
1519 1007 1642 1061 Ergo
1665 1006 1813 1048 celum

262 1077 297 1118 si
319 1077 590 1119 divideretur
612 1077 767 1118 eadem
791 1082 947 1118 natura
969 1077 1050 1118 erit
1073 1090 1151 1130 per
1170 1077 1407 1118 essen-ciam
1432 1090 1518 1130 que
1540 1078 1672 1131 prius.
1736 1076 1816 1119 Set

263 1147 382 1201 prius
396 1151 462 1187 est
477 1145 829 1199 incorruptibilis,
849 1159 954 1199 ergo
971 1152 1085 1199 post,
1101 1151 1144 1187 et
1159 1145 1358 1187 videmus
1374 1145 1513 1187 hocin
1531 1146 1661 1188 rebus
1674 1146 1815 1189 incor-

264 1215 546 1269 ruptibilibus
564 1216 682 1269 quod
702 1228 789 1256 non
807 1221 1151 1269 corrumpuntur
1168 1221 1350 1270 propter
1365 1215 1630 1256 divisionem
1649 1229 1815 1268 eorum,

264 1298 368 1339 ergo
392 1284 531 1326 multo
555 1284 714 1325 sorcius
737 1298 804 1325 res
829 1283 1182 1337 incorruptibiles
1205 1298 1294 1325 non
1316 1291 1712 1339 corrumperentur.

323 1354 399 1395 Ad
419 1354 609 1407 primum
629 1353 861 1407 problema
879 1353 1117 1394 dicendum
1142 1359 1207 1394 est
1231 1354 1350 1406 quod
1369 1354 1527 1394 divisio
1545 1360 1611 1395 est
1633 1353 1815 1407 duplex,

266 1437 353 1464 una
376 1430 442 1465 est
465 1423 645 1464 actualis
668 1422 862 1476 signacio
887 1429 930 1463 et
953 1423 1183 1464 distinccio
1206 1423 1345 1464 tocius
1368 1423 1410 1463 in
1434 1429 1593 1476 partes,
1616 1430 1665 1465 ut
1697 1423 1815 1464 orbis

267 1493 478 1534 dividitur
504 1506 582 1546 per
607 1493 769 1545 gradus
800 1498 843 1533 et
870 1491 1040 1533 minuta
1073 1498 1116 1533 et
1145 1492 1205 1533 sic
1234 1491 1374 1532 ultra:
1408 1499 1452 1533 et
1484 1492 1546 1534 sic
1575 1492 1717 1533 celum
1749 1498 1816 1533 est

267 1562 495 1603 divisibile.
557 1561 664 1602 Alia
694 1568 759 1602 est
791 1561 945 1602 divisio
975 1574 1061 1613 que
1090 1567 1156 1602 est
1184 1561 1327 1602 Seccio
1353 1561 1535 1602 actualis
1557 1561 1750 1614 corporis
1773 1561 1816 1601 in

267 1638 415 1686 partes
458 1630 621 1672 divisas
664 1631 707 1670 in
745 1636 858 1680 actu,
898 1636 941 1671 et
977 1630 1062 1672 hoc
1099 1643 1187 1670 non
1225 1637 1292 1671 est
1329 1631 1540 1684 possibile
1576 1631 1658 1671 nisi
1693 1631 1736 1671 in
1770 1643 1816 1671 re

267 1700 555 1755 corruptibili,
593 1706 636 1741 et
669 1701 724 1741 de
762 1699 846 1741 hoc
878 1699 1073 1753 loquitur
1110 1699 1391 1750 Aristoteles,
1433 1705 1477 1740 et
1509 1700 1571 1741 sic
1598 1698 1603 1754 1
1632 1700 1818 1741 solvitur

267 1771 470 1826 primum.
535 1770 611 1810 Ad
640 1768 769 1821 aliud,
798 1770 916 1823 quod
949 1782 1036 1810 non
1062 1769 1281 1810 resisteret
1304 1782 1382 1824 per
1404 1775 1605 1810 naturam
1632 1769 1728 1810 duri
1751 1774 1818 1810 set

267 1854 345 1893 per
370 1845 574 1880 naturam
606 1838 950 1891 incorrupcionis
976 1852 1065 1890 sue,
1088 1838 1203 1879 unde
1226 1839 1428 1879 resistens
1450 1845 1516 1879 est
1539 1838 1720 1893 duplex,
1741 1843 1818 1879 aut

267 1923 346 1965 per
375 1915 578 1950 naturam
614 1908 701 1949 ficti
732 1908 787 1948 ad
819 1921 951 1961 quam
980 1907 1179 1961 sequitur
1209 1907 1410 1958 duricies,
1441 1913 1484 1949 et
1516 1909 1578 1949 sic
1606 1907 1819 1961 accipitur

267 1979 470 2021 resistens
506 1978 548 2018 in
596 1977 679 2017 hiis
725 1976 995 2031 corporibus,
1038 1982 1104 2017 set
1141 1976 1267 2018 aliter
1300 1983 1366 2018 est
1404 1977 1604 2018 resistens
1640 1990 1717 2030 per
1752 1977 1817 2016 in-

265 2048 563 2102 corrupcionis
595 2052 875 2101 potestatem.
939 2045 1016 2087 Ad
1048 2047 1289 2088 secundum
1319 2046 1550 2100 problema
1582 2047 1817 2088 dicendum

269 2124 335 2159 est
376 2117 495 2171 quod
539 2117 698 2157 durum
737 2123 780 2157 et
823 2115 955 2156 molle
992 2122 1095 2158 sunt
1137 2115 1426 2157 contrarietas
1462 2129 1541 2168 per
1577 2129 1712 2168 quam
1750 2121 1818 2157 est

1835 818 1876 840 10

1837 1161 1875 1194 15

1838 1509 1879 1531 20

1838 1854 1877 1887 ²5

268 2186 500 2229 divisibilis
530 2200 598 2227 res
628 2186 842 2226 divisione
872 2199 959 2239 que
981 2192 1046 2226 est
1074 2184 1218 2226 seccio
1241 2185 1300 2225 rei
1324 2185 1366 2224 in
1389 2191 1537 2238 partes
1559 2185 1752 2226 diversas
1774 2185 1818 2226 in
1838 2203 1880 2235 30

270 2263 369 2298 actu
389 2272 398 2305 3
447 2257 503 2296 de
543 2269 631 2309 qua
671 2254 742 2296 hic
785 2255 903 2308 loqui
946 2251 1132 2296 videtur.
1207 2253 1327 2294 Nam
1365 2254 1524 2294 durum
1562 2260 1715 2295 natum
1752 2259 1819 2295 est

272 2326 480 2374 dividere,
500 2332 543 2366 et
566 2324 699 2365 molle
721 2331 871 2365 natum
896 2331 961 2365 est
984 2324 1132 2373 dividi,
1153 2330 1195 2364 et
1220 2330 1321 2364 sunt
1343 2323 1579 2376 qualitates
1600 2323 1818 2364 contrarie

272 2396 314 2436 in
337 2395 528 2436 secunda
549 2394 696 2447 specie
719 2393 959 2447 qualitatis,
981 2392 1222 2435 secundum
1250 2393 1370 2446 quod
1393 2391 1662 2434 Aristoteles
1692 2391 1820 2445 ponit

272 2478 357 2512 eas,
381 2470 425 2505 et
447 2463 755 2505 nichilominus
778 2463 1038 2504 estimantur
1059 2476 1154 2503 esse
1177 2463 1220 2502 in
1242 2462 1377 2503 tercia
1399 2461 1557 2516 specie.

332 2533 467 2587 Quod
487 2539 634 2573 autem
655 2545 788 2585 penes
810 2533 1164 2573 contrarietatem
1188 2532 1285 2572 duri
1308 2537 1351 2572 et
1375 2530 1518 2572 mollis
1536 2530 1640 2572 insit
1661 2530 1819 2573 divisio
1839 2541 1879 2575 35

272 2603 315 2643 in
347 2604 475 2644 rebus
505 2603 561 2643 de
590 2616 676 2656 qua
705 2601 776 2643 hic
803 2601 1025 2655 loquimur
1053 2607 1097 2643 et
1126 2614 1213 2642 non
1242 2614 1321 2655 per
1349 2600 1513 2653 aliquid
1541 2599 1672 2651 aliud,
1697 2605 1820 2654 patet

273 2672 345 2722 sic,
375 2672 479 2725 quia
510 2671 834 2713 considerando
871 2670 1043 2724 singula
1080 2683 1158 2724 per
1193 2683 1278 2724 que
1313 2669 1519 2710 videntur
1557 2669 1698 2710 inesse
1732 2681 1819 2710 non

273 2741 543 2782 inveniemus
576 2739 744 2794 aliquid
782 2740 865 2780 nisi
903 2739 1000 2782 hoo
1066 2739 1182 2780 Nam
1212 2752 1291 2793 per
1320 2745 1523 2780 naturam
1552 2737 1818 2779 continentis
