1945 3079
796 84 875 139 381

37 218 39 221 ’
84 204 149 245 sui
173 207 318 244 motus
337 207 383 242 ut
400 200 435 243 si
458 200 587 242 nichil
602 206 729 249 esset,
744 198 825 240 nisi
842 213 955 253 aqua
974 199 1150 252 sperica,
1166 198 1282 239 unde
1302 196 1626 238 consideremus

83 272 224 314 celum
240 277 451 323 tanquam
468 283 625 323 corpus
643 267 822 321 aliquod
841 267 961 321 quod
980 267 1116 308 dividi
1132 273 1174 308 et
1191 267 1333 308 cavari
1353 265 1502 319 possit,
1520 264 1625 318 quia

83 355 139 381 ex
162 341 244 381 hoc
263 339 431 380 nullum
450 338 647 392 sequitur
670 336 976 378 inconveniens
998 337 1041 376 in
1064 336 1316 391 proposito;
1346 343 1389 376 et
1411 345 1625 388 ponamus

84 410 368 450 medietatem
403 407 560 462 lapidis
588 405 594 461 Ι
623 407 666 447 in
698 420 813 460 aqua
844 405 912 447 vel
939 407 981 446 in
1004 406 1112 456 celo,
1139 405 1250 458 lapis
1275 404 1347 444 hic
1370 402 1625 444 naturaliter
1646 417 1707 439 110
1724 419 1743 439 a
1764 417 1791 440 1.

46 495 64 528 5
83 483 283 519 movetur
309 478 513 518 deorsum
542 482 779 529 postquam
811 475 1178 530 impedimentum
1212 487 1299 514 non
1324 472 1485 521 habet3
1519 484 1624 524 ergo

84 553 287 588 movetur
303 545 373 586 hic
390 545 500 599 lapis
518 558 527 595 ;
560 550 626 585 set
648 557 735 584 non
750 549 899 597 potest
919 543 1082 584 moveri
1100 543 1179 582 nisi
1198 542 1411 582 medietas
1431 539 1523 593 ejus
1540 553 1626 593 que

85 621 149 656 est
164 621 291 656 extra
304 614 447 655 celum
463 613 531 654 vel
547 628 707 667 aquam
723 619 962 661 moveatur,
975 625 1080 664 ergo
1096 616 1297 652 movetur
1312 608 1385 650 illa
1401 609 1625 649 medietas.

85 683 165 726 Set
188 683 230 723 in
252 682 412 723 nichilo
426 696 513 723 non
535 689 600 723 est
619 688 764 723 motus
781 680 1018 736 possibilis,
1033 694 1112 721 nec
1136 679 1196 720 ibi
1219 684 1285 719 est
1310 678 1503 731 plenum,
1524 690 1627 730 ergo

84 759 150 794 est
169 765 371 793 vacuum.
434 751 687 792 Dicendum
720 750 839 804 quod
871 763 959 791 non
993 755 1059 790 est
1094 747 1302 802 possibile
1341 746 1628 787 medietatem

27 838 67 861 10
87 821 241 876 lapidis
264 833 359 861 esse
381 826 523 870 extra,
545 833 647 860 nam
675 820 717 859 in
740 818 899 860 nichilo
918 831 1005 859 non
1020 823 1148 866 esset,
1170 816 1274 870 quia
1297 815 1339 855 in
1357 814 1518 856 nichilo
1541 827 1628 854 non

85 897 151 932 est
171 889 302 932 locus
332 889 540 943 alicujus:
579 889 699 930 locus
731 887 1051 929 dimensionem
1084 887 1201 926 enim
1227 885 1362 927 habet
1384 884 1627 925 secundum

85 959 405 1001 dimensionem
437 958 583 1009 locati,
614 964 681 999 set
715 957 928 999 medietas
956 955 1116 1010 lapidis
1145 955 1280 997 habet
1302 954 1596 996 dimensiones
1622 951 1626 1008 Ι

85 1042 342 1083 veras,ergo
365 1041 453 1068 non
477 1028 559 1069 erit
585 1030 629 1067 in
651 1026 824 1077 nichilo,
840 1040 917 1067 nec
935 1025 1016 1067 erit
1039 1025 1099 1066 ibi
1122 1024 1318 1079 plenum,
1340 1031 1384 1066 et
1407 1024 1505 1065 ideo
1528 1036 1627 1063 cum
1647 1029 1688 1062 O.
1709 1038 1749 1070 33
1765 1030 1799 1061 b.

85 1098 142 1139 ad
164 1096 517 1139 concludendum
536 1109 723 1138 vacuum
741 1101 963 1149 supponat
987 1094 1066 1136 hec
1083 1093 1308 1135 cavillacio
1325 1106 1483 1146 corpus
1500 1104 1630 1146 posse

0 1178 66 1219 '15
85 1180 179 1209 esse
220 1174 349 1208 extra
386 1166 542 1214 celum,
579 1166 677 1207 dico
716 1165 835 1219 quod
873 1164 1081 1219 supponit
1120 1161 1372 1216 inpossibile
1419 1167 1466 1202 ut
1509 1160 1628 1201 aliud

87 1235 341 1289 inpossibile
375 1235 620 1277 concludat.

145 1305 192 1347 Si
223 1311 328 1346 tunc
355 1304 524 1345 dicatur
556 1304 675 1357 quod
705 1304 779 1357 qui
808 1303 868 1344 sic
897 1302 1133 1356 respondet
1163 1300 1274 1355 petit
1303 1299 1563 1353 principium
1586 1305 1631 1341 et

87 1375 206 1429 quod
230 1374 364 1416 debet
386 1374 585 1428 probare,
608 1374 712 1427 quia
733 1374 768 1414 si
792 1379 858 1414 est
878 1385 1066 1413 vacuum
1089 1375 1238 1424 potest
1268 1383 1362 1410 esse
1384 1369 1442 1409 ibi
1472 1382 1632 1422 corpus

88 1451 131 1487 et
170 1443 375 1486 collocari
413 1449 629 1497 quantum
668 1443 725 1484 ad
763 1441 1095 1491 dimensionem,
1130 1446 1174 1481 et
1211 1440 1311 1480 ideo
1346 1444 1496 1493 posset
1537 1451 1632 1480 esse

89 1584 192 1637 quia
214 1587 347 1637 negat
368 1594 569 1633 vacuum,
591 1586 747 1634 arguet
769 1582 842 1633 sic,
857 1593 1046 1622 vacuum
1066 1592 1154 1619 non
1177 1583 1243 1619 est
1261 1577 1334 1629 ibi,
1356 1591 1459 1631 ergo
1474 1591 1632 1632 corpus

89 1647 177 1696 non
199 1657 348 1707 potest
361 1665 455 1692 esse
470 1652 528 1692 ibi
547 1669 554 1693 ε
580 1657 757 1705 oportet
776 1651 896 1704 quod
914 1648 974 1690 sic
997 1648 1266 1702 respondens
1288 1645 1474 1688 formam
1491 1660 1632 1700 oppo-

90 1722 234 1764 nentis
255 1722 409 1763 induat
432 1734 532 1761 cum
555 1735 601 1762 se
624 1719 780 1761 fundet
806 1732 937 1773 super
951 1717 1040 1759 tale
1061 1723 1385 1771 argumentum,
1407 1716 1509 1769 quia
1523 1715 1633 1770 petit

89 1791 354 1845 principium
378 1803 480 1831 nam
501 1796 680 1844 oportet
702 1788 888 1843 probare
910 1786 1185 1829 antecedens.
1220 1786 1280 1826 Et
1302 1785 1496 1826 concedo
1511 1785 1633 1837 quod

29 1878 67 1910 ²5
89 1861 200 1915 petit
236 1859 502 1913 principium
538 1863 753 1911 quantum
791 1862 856 1898 est
885 1856 940 1897 de
970 1856 1013 1896 vi
1041 1854 1296 1908 hujusmodi
1325 1854 1633 1908 responsionis,

90 1930 169 1970 sed
191 1929 323 1970 debet
349 1928 410 1968 sic
445 1927 715 1980 respondens
747 1925 943 1966 raciones
969 1924 1180 1978 probatas
1210 1930 1253 1964 et
1275 1929 1452 1977 paratas
1473 1922 1635 1963 habere

90 2066 364 2121 principium,
379 2065 558 2119 quando
577 2064 788 2118 supponit
804 2076 964 2116 corpus
975 2076 1105 2116 posse
1120 2061 1323 2104 collocari
1337 2068 1465 2102 extra
1479 2060 1635 2111 celum,

91 2137 194 2191 quia
224 2135 309 2177 hoc
340 2134 506 2185 habito,
537 2134 727 2176 habetur
747 2146 950 2181 vacuum,
973 2137 1018 2172 et
1046 2131 1088 2172 in
1117 2145 1164 2172 se
1185 2130 1409 2172 concludit
1434 2144 1636 2178 vacuum,

31 2225 73 2258 30
92 2205 196 2260 quia
217 2217 296 2245 nec
319 2211 383 2246 est
407 2203 586 2258 plenum
617 2209 746 2245 extra
776 2200 916 2243 celum
940 2214 1019 2242 nec
1041 2201 1084 2241 in
1114 2199 1275 2241 nichilo
1298 2205 1442 2253 potest
1470 2199 1636 2253 aliquid

92 2289 199 2317 esse.

153 2344 213 2385 Et
235 2343 269 2385 si
303 2343 473 2385 dicatur
505 2343 623 2396 quod
652 2341 751 2383 licet
783 2346 929 2382 motus
958 2337 1167 2380 naturalis
1196 2351 1289 2378 esse
1311 2350 1399 2378 non
1420 2343 1567 2390 posset
1593 2337 1636 2378 in

93 2426 245 2464 vacuo,
266 2419 416 2453 tamen
439 2419 586 2453 motus
599 2410 872 2452 voluntarius
895 2416 1042 2462 posset
1065 2408 1108 2448 in
1125 2421 1178 2449 eo
1197 2421 1301 2457 esse,
1316 2407 1419 2460 quia
1433 2406 1636 2448 voluntas

96 2489 140 2524 et
173 2488 328 2524 natura
372 2486 668 2536 opponuntur,
702 2485 745 2520 et
789 2479 850 2520 ita
889 2482 1038 2532 posset
1081 2489 1237 2530 corpus
1264 2474 1269 2530 Ι
1299 2475 1357 2516 ibi
1395 2474 1639 2517 voluntarie

139 2587 158 2608 2
175 2577 282 2618 quod]
294 2586 395 2617 quam
409 2576 439 2607 O
528 2589 547 2615 4
566 2576 786 2607 medietatem
799 2573 939 2614 lapidis]
953 2572 1103 2613 lapidem
1114 2572 1246 2603 moveri
1260 2571 1301 2602 M
1385 2571 1418 2611 6,
1432 2581 1449 2610 7
1467 2572 1639 2612 movetur]

96 2629 289 2661 movebitur
308 2629 338 2660 Ο
472 2629 536 2667 6-7
563 2628 617 2658 hic
637 2651 646 2660 .
666 2652 672 2658 .
689 2652 698 2661 .
719 2631 877 2657 movetur
893 2627 958 2658 iter.
983 2625 1013 2656 O
1194 2634 1229 2655 11
1255 2622 1505 2654 dimensionem
1521 2633 1587 2653 om.
1609 2623 1640 2654 Ο

97 2692 135 2713 21
162 2686 282 2721 arguet
298 2692 364 2713 om.
385 2680 427 2711 M
600 2690 643 2710 22
668 2678 892 2720 opponentis]
911 2677 1084 2718 oppositis
1103 2676 1134 2708 O
1313 2685 1355 2714 23
1372 2673 1468 2715 quia]
1486 2685 1591 2714 quare
1610 2675 1641 2705 O

99 2744 207 2774 24-25
232 2745 309 2765 nam
327 2757 336 2765 .
356 2757 363 2765 .
381 2757 388 2765 .
406 2732 610 2773 principium
627 2742 693 2763 om.
713 2731 755 2762 M
875 2731 917 2761 26
941 2728 1117 2770 probatas]
1135 2733 1313 2769 promptas
1331 2727 1363 2759 Ο
1493 2737 1535 2767 29
1559 2737 1641 2759 con-

100 2786 223 2833 cludit]
241 2785 385 2816 ineludit
405 2784 435 2815 O
567 2793 609 2823 32
635 2782 763 2824 motus]
783 2782 924 2814 materia
944 2781 974 2812 O
1065 2780 1200 2822 posset]
1217 2781 1327 2820 possit
1347 2779 1377 2810 O

29 1531 69 1553 20
89 1527 275 1567 corpus;
307 1513 343 1553 si
372 1525 472 1561 non,
502 1525 616 1563 non;
649 1518 694 1554 et
720 1511 821 1553 ideo
850 1511 911 1552 sic
937 1516 1070 1563 negat
1102 1522 1260 1563 corpus
1287 1508 1347 1549 ibi
1376 1521 1471 1549 esse
1492 1521 1634 1561 posse,

90 2012 176 2052 que
199 2010 387 2038 vacuum
412 1996 652 2038 destruant.
703 1994 781 2036 Set
803 2000 954 2036 tamen
972 1993 1102 2047 longe
1124 1992 1235 2047 petit
1252 1993 1393 2045 magis
1407 2005 1636 2046 opponens

1661 2493 1758 2518 110a
1778 2495 1805 2517 2.
