1945 3079
788 110 868 152 347

21 214 22 217 ’
63 227 163 254 cum
198 213 339 254 oriens
375 220 418 254 et
455 213 659 254 occidens
700 213 787 253 sint
824 213 996 253 termini
1033 213 1145 253 lince
1184 218 1310 262 recte,
1340 213 1522 266 jacentis
1561 212 1603 252 in

62 282 289 335 superficie
330 282 411 323 celi
455 281 599 334 plana,
640 288 684 322 et
725 281 895 322 termini
931 281 1043 322 linee
1079 288 1195 323 recte
1235 296 1462 335 nunquam
1500 295 1603 322 con-

62 358 251 400 currunt,
288 357 354 392 set
388 351 583 391 maxima
620 350 832 392 distancia
865 356 1138 403 separantur,
1176 357 1222 392 ut
1248 351 1367 404 prius
1398 350 1599 391 habitum

61 427 156 472 est3
197 434 301 474 ergo
333 420 461 461 stella
491 433 577 473 que
608 420 728 460 venit
760 420 816 460 ad
851 432 1057 460 occasum
1100 433 1318 473 nunquam
1354 419 1512 461 redibit
1543 419 1599 460 ad

23 508 41 540 5
61 495 223 539 ortum,
244 488 367 542 cujus
389 488 655 529 contrarium
679 488 880 529 videmus
902 489 956 528 ad
981 501 1174 530 sensum.

121 558 236 599 Item
273 571 372 599 cum
407 570 586 599 occasus
624 563 690 597 est
723 556 914 610 privacio
947 557 1123 598 visionis
1153 556 1279 597 stelle
1312 563 1355 598 et
1386 564 1509 598 ortus
1538 564 1604 598 est

62 627 221 669 redicio
239 626 331 680 ejus
348 627 404 668 ad
427 627 766 680 apparicionem‚
787 633 889 667 tunc
906 640 1007 666 cum
1023 626 1106 667 hec
1129 626 1217 666 duo
1239 625 1330 665 fieri
1355 627 1522 678 possint
1545 641 1603 666 ex

61 697 215 738 eadem
245 702 372 750 parte
403 696 525 737 istius
554 695 678 745 linee,
711 696 886 744 scilicet,
918 709 975 735 ex
1005 701 1128 749 parte
1159 695 1418 746 occidentis,
1450 701 1497 735 ut
1527 707 1604 748 per

61 766 392 820 elongacionem
412 778 619 818 magnam
637 764 941 815 occultaretur,
960 771 1003 805 et
1026 778 1103 817 per
1124 763 1320 805 debitam
1344 763 1603 804 distanciam

3 852 44 876 10
60 834 170 875 visui
192 834 388 885 oriretur,
410 834 452 874 id
469 840 550 883 est,
570 839 801 887 appareret
815 833 937 882 visui,
961 840 1066 874 tunc
1089 832 1131 872 in
1156 833 1400 873 recedendo
1424 847 1449 873 a
1471 832 1598 873 nobis

61 903 174 944 ultra
222 903 334 944 hanc
377 903 571 944 debitam
612 903 874 944 distanciam
916 902 1143 951 occideret,
1185 907 1227 942 et
1270 902 1312 941 in
1354 900 1604 942 accedendo

60 978 305 1027 appareret,
337 973 457 1025 quod
491 985 579 1014 non
611 972 812 1013 videmus
845 972 888 1012 in
921 971 1072 1021 stellis,
1102 984 1207 1025 ergo
1237 969 1378 1011 celum
1412 983 1500 1010 non
1537 976 1604 1011 est

59 1041 190 1095 plane
212 1041 363 1096 figure.

121 1111 236 1152 Item
263 1111 328 1152 sol
358 1117 401 1152 et
431 1111 534 1152 luna
564 1110 840 1152 occultantur
871 1110 1113 1151 secundum
1143 1115 1312 1163 partem
1343 1107 1347 1162 Ι
1376 1121 1604 1162 usquequo
1624 1116 1666 1147 O.
1688 1124 1724 1156 15
1743 1116 1774 1147 b.

3 1193 40 1225 15
60 1186 202 1222 totum
232 1194 392 1235 corpus
419 1194 570 1222 eorum
594 1179 851 1222 occultetur.
915 1179 992 1221 Set
1027 1179 1062 1219 si
1097 1178 1239 1219 celum
1264 1185 1378 1219 esset
1408 1177 1603 1231 planum,

60 1255 164 1290 tunc
185 1256 330 1291 totum
354 1249 485 1290 simul
508 1249 804 1291 occultaretur
833 1262 892 1289 ex
914 1248 1212 1301 elongacione‚
1235 1260 1323 1288 non
1346 1260 1422 1299 per
1443 1253 1604 1300 partes,

59 1332 137 1372 per
165 1319 383 1360 decimam
413 1319 766 1372 proposicionem
795 1317 893 1358 libri
923 1317 974 1357 de
1008 1316 1113 1358 Visa
1143 1330 1229 1370 que
1257 1322 1322 1357 est
1351 1315 1604 1368 rectangule

59 1388 386 1442 magnitudines
422 1402 479 1428 ex
516 1387 732 1428 distancia
770 1387 872 1436 vise,
907 1386 1100 1440 periferie
1141 1391 1371 1440 apparent.
1449 1385 1509 1424 Et
1546 1397 1604 1424 ex

58 1457 178 1497 libris
198 1457 462 1511 Aspectmcm
487 1456 735 1498 Ptholomei
759 1462 803 1496 et
824 1455 996 1496 Alacen
1019 1455 1103 1496 hoc
1125 1460 1250 1508 patet
1275 1454 1395 1507 quod
1418 1451 1603 1506 angulus

1 1539 41 1562 20
58 1533 271 1580 tanquam
303 1540 369 1568 res
399 1526 572 1568 acucior
605 1525 737 1566 cicius
773 1524 1018 1566 occultatur
1054 1537 1187 1577 quam
1219 1529 1315 1564 tota
1350 1521 1602 1576 superficies

58 1609 135 1649 per
162 1595 525 1649 elongacionem3
557 1608 672 1648 ergo,
703 1607 803 1635 cum
830 1594 872 1633 in
909 1593 1079 1647 sperico
1107 1605 1291 1646 corpore
1326 1598 1374 1632 ut
1403 1592 1444 1631 in
1478 1589 1606 1631 stella

60 1678 145 1706 non
168 1665 224 1706 sit
245 1664 444 1718 angulus,
467 1671 510 1705 et
531 1665 593 1705 ita
615 1677 700 1704 non
731 1663 870 1704 arcius
892 1662 1056 1716 aliquid
1086 1668 1230 1703 totum
1259 1661 1389 1701 simul
1413 1659 1605 1701 occulta-

59 1734 178 1776 bitur
207 1748 285 1789 per
316 1734 657 1789 elongacionem.
721 1733 852 1773 Nunc
882 1738 1031 1773 autem
1064 1744 1268 1784 suppono
1305 1729 1479 1771 stellam
1511 1742 1607 1770 esse

58 1804 223 1858 sperice
241 1804 390 1857 figure,
407 1806 509 1858 quia
530 1804 636 1844 satis
653 1809 811 1844 notum
830 1808 908 1850 est,
932 1808 974 1842 et
998 1815 1077 1842 suo
1101 1800 1198 1841 loco
1215 1799 1602 1840 demonstrabitur.

0 1883 38 1916 25
61 1873 175 1914 Item
207 1874 378 1927 signum
413 1874 532 1926 quod
565 1871 708 1913 celum
741 1871 797 1911 sit
830 1871 997 1923 sperice
1030 1869 1167 1923 figure
1208 1874 1275 1909 est
1306 1867 1425 1920 quod
1459 1867 1604 1907 omnia

60 1943 350 1983 instrumenta
382 1941 541 1995 quibus
573 1941 866 1983 certificantur
895 1938 1082 1991 celesltia
1114 1944 1215 1979 sunt
1246 1937 1424 1991 sperica,
1447 1935 1516 1977 vel
1547 1936 1604 1977 ad
1628 1953 1683 1976 τοι
1705 1957 1724 1977 a
1744 1955 1772 1977 2.

60 2018 263 2052 naturam
287 2025 411 2065 spere
433 2012 625 2052 reducta.
689 2009 748 2050 Et
770 2009 849 2050 hec
871 2007 1087 2049 sufficiant
1109 2008 1164 2048 de
1186 2006 1280 2047 hiis.

119 2081 338 2122 Raciones
369 2094 472 2121 vero
503 2080 586 2120 alie
617 2092 703 2132 que
735 2083 965 2118 sumuntur
985 2077 1116 2131 juxta
1148 2081 1318 2117 motum
1351 2074 1605 2116 circularem

59 2150 284 2192 stellarum
309 2150 351 2190 in
375 2148 542 2190 circulis
572 2147 945 2202 equidistantibus
974 2146 1087 2187 circa
1117 2144 1269 2198 polum
1292 2157 1378 2184 non
1401 2143 1606 2185 videntur

0 2235 42 2266 30
61 2219 261 2261 absolute
288 2218 550 2260 concludere
571 2218 692 2271 quod
714 2217 856 2258 celum
878 2216 933 2257 sit
956 2215 1123 2270 sperice
1146 2214 1283 2267 figure
1307 2213 1447 2266 magis
1469 2226 1603 2266 quam

60 2289 197 2331 ovalis
213 2289 282 2330 vel
305 2287 591 2343 pyramidalis
621 2286 690 2328 vel
712 2286 890 2327 alterius
919 2284 1117 2334 rotunde,
1140 2283 1242 2336 quia
1265 2283 1298 2322 si
1320 2281 1464 2323 celum
1488 2287 1604 2322 esset

60 2359 198 2401 ovalis
230 2359 369 2412 figure
391 2371 625 2411 possumus
656 2355 903 2410 ymaginari
930 2354 1043 2396 circa
1074 2352 1201 2407 polos
1231 2350 1494 2405 multiplices
1526 2351 1606 2392 cir-

107 2487 143 2516 17
169 2480 215 2509 de
237 2476 348 2517 Visu]
377 2476 501 2516 Optica
531 2474 691 2514 Euclidis‚
727 2484 821 2514 prop.
854 2483 876 2512 9
909 2470 1162 2511 ‘Rectangulae
1191 2469 1445 2509 magnitudines
1473 2469 1605 2501 eminus

58 2535 233 2571 spectatae
250 2529 415 2560 rotundae
432 2533 598 2568 apparent
612 2527 620 2539 '
640 2526 763 2568 (Paris,
779 2526 890 2567 1604).
1080 2533 1119 2563 19
1142 2521 1389 2563 Aspeetuum]
1407 2521 1533 2562 Optica
1548 2521 1601 2554 Pt.

59 2593 117 2622 pp.
131 2592 183 2623 31,
203 2591 267 2621 32;
291 2581 446 2612 Alhazen
464 2580 522 2611 vii.
541 2590 584 2620 43
600 2590 674 2620 sqq.

107 2697 168 2717 1-2
188 2687 337 2726 jacentis
355 2712 361 2718 .
379 2711 387 2718 .
408 2711 415 2718 .
436 2690 529 2718 recte
546 2696 612 2717 om.
628 2685 670 2715 M
777 2685 798 2714 6
822 2689 875 2714 est
886 2682 957 2723 pn]
975 2681 1018 2713 sit
1035 2681 1077 2712 M
1186 2691 1204 2720 7
1231 2679 1375 2721 redicio]
1395 2680 1552 2710 reduccio
1569 2677 1609 2708 M

60 2738 212 2780 possint]
230 2743 374 2778 possunt
390 2739 432 2769 M
557 2739 577 2768 8
601 2747 662 2777 per
677 2747 742 2767 om.
765 2736 807 2766 M
950 2745 985 2765 11
1012 2733 1159 2764 debitam
1177 2743 1242 2763 om.
1262 2732 1305 2762 M
1438 2741 1475 2769 14
1501 2731 1553 2762 sol
1573 2735 1608 2762 et

60 2791 140 2831 luna
156 2801 221 2822 om.
241 2790 282 2821 M
411 2800 449 2821 21
477 2790 529 2831 ut]
549 2800 611 2821 nec
628 2789 669 2819 Μ
799 2799 840 2827 32
865 2786 1084 2827 multiplices]
1104 2785 1228 2815 multos
1249 2784 1278 2814 O
