1945 3079
148 889 276 931 93b1.

1034 66 1117 120 318

297 185 461 227 stancie
483 182 674 224 alterius.
739 181 816 224 Set
838 194 926 235 qua
948 181 1121 223 racione
1142 185 1209 222 est
1231 180 1292 222 sic
1314 180 1357 221 in
1381 179 1555 220 duobus
1578 184 1622 220 et
1644 177 1785 219 tribus
1807 182 1851 217 et

297 256 338 295 in
369 253 586 303 omnibus,
610 266 714 306 ergo
744 265 899 292 omnes
926 251 1097 293 athomi
1126 257 1226 292 sunt
1252 250 1381 291 simul
1415 256 1458 291 et
1490 248 1634 290 nullus
1661 247 1744 288 erit
1773 246 1851 288 nisi

292 323 512 374 athomus‚
530 329 573 364 et
596 323 697 364 ideo
714 321 882 363 nullum
903 335 1061 376 corpus
1080 320 1221 374 majus
1239 320 1426 361 athomo
1445 318 1533 370 fiet,
1551 319 1671 373 quod
1691 317 1850 359 salsum

294 399 360 434 est
387 399 430 434 et
462 401 615 435 contra
647 406 735 434 eos.
800 391 915 433 Item
949 390 1082 433 nichil
1116 397 1230 432 esset
1263 403 1398 431 unum
1431 403 1534 430 vere
1565 395 1633 431 set
1665 401 1744 442 per
1775 401 1851 441 ag-

294 463 618 517 gregacionem‚
642 462 746 516 quia
775 460 918 503 solum
941 475 1043 502 vere
1073 474 1208 501 unum
1239 466 1304 501 est
1334 459 1595 500 continuum
1625 464 1670 498 et
1696 472 1720 499 e
1747 470 1850 499 con·
1871 472 1889 504 5

295 534 441 585 trado,
465 540 512 575 ut
536 539 659 588 patet
681 547 739 573 ex
761 532 823 584 5⁴⁶⁰
844 531 1125 572 Plzisicornm
1148 537 1191 571 et
1213 544 1272 570 ex
1294 529 1355 582 5ῑο
1376 523 1706 584 Methaphz‘sz'cess
1772 527 1852 570 Set

296 602 451 645 tollere
472 617 623 644 veram
647 603 864 644 unitatem
887 615 912 642 a
935 602 1064 642 rebus
1088 614 1176 641 non
1200 613 1445 653 possumus,
1464 599 1568 653 quia
1588 611 1698 639 vere¹
1713 612 1850 639 unum

296 677 363 712 est
379 670 445 723 cuj
453 684 502 711 us
521 676 668 711 motus
684 683 786 710 vere
802 675 867 710 est
891 669 934 708 in
952 681 1038 709 uno
1055 674 1257 721 tempore
1272 673 1315 708 et
1333 666 1503 715 eodem,
1522 672 1568 707 ut
1583 665 1851 707 Aristoteles

295 740 415 792 dicit,
437 743 496 794 5‘0
518 738 846 794 Metlzaplzzkice,
869 744 913 779 et
935 737 1070 778 scitur
1090 737 1176 778 hoc
1198 750 1275 791 per
1296 736 1667 790 experimentum,
1683 741 1727 776 et
1749 741 1852 776 sunt

297 810 438 851 multa
458 809 580 851 talia.
647 810 761 850 Item
785 815 889 850 tune
907 807 1041 849 nichil
1066 812 1316 848 moveretur
1334 819 1414 846 nec
1432 811 1547 846 esset
1567 810 1729 855 motus,
1747 818 1850 846 nam
1874 819 1915 841 10

299 879 464 921 mobile
490 879 572 920 sibi
605 892 780 933 semper
806 876 811 933 Ι
841 877 997 931 equale
1029 876 1197 918 transit.
1261 875 1342 917 Set
1368 874 1540 917 athomi
1568 874 1726 915 infiniti
1749 881 1852 916 sunt

300 949 476 1002 ubique,
498 963 584 990 non
614 948 819 990 convenit
849 946 1018 988 infinita
1047 946 1325 1000 pertransire.
1388 945 1524 1000 Quod
1554 958 1659 986 vero
1691 943 1850 986 infiniti

298 1025 400 1060 sunt
438 1018 602 1072 ubique
639 1016 807 1058 athomi
844 1017 880 1058 si
923 1016 1113 1057 mundus
1156 1016 1334 1069 ponitur
1376 1014 1648 1069 compositus
1690 1028 1748 1055 ex
1790 1015 1852 1055 eis

300 1087 583 1129 manifestum
611 1092 690 1136 est,
713 1086 922 1139 quoniam
945 1086 1007 1126 sic
1030 1098 1077 1126 se
1098 1084 1264 1126 habent
1292 1085 1334 1125 in
1361 1091 1463 1125 actu
1486 1083 1598 1124 sicut
1620 1090 1784 1138 puncta
1806 1084 1851 1124 in

298 1157 507 1199 continuo
530 1170 575 1197 se
597 1155 763 1197 habent
787 1155 831 1196 in
853 1155 1070 1209 potencia.
1134 1154 1214 1197 Set
1238 1154 1281 1194 in
1305 1154 1488 1194 minimo
1514 1153 1726 1194 continuo
1747 1156 1850 1195 sunt
1874 1166 1912 1198 15

298 1225 466 1268 infinita
499 1226 542 1266 in
575 1225 794 1279 potencia,
826 1238 932 1278 ergo
968 1225 1012 1265 in
1049 1224 1232 1265 minimo
1265 1224 1415 1279 spacio
1448 1229 1492 1265 et
1525 1222 1688 1276 ubique
1723 1230 1851 1266 erunt

297 1294 454 1336 infiniti
477 1294 647 1336 athomi
669 1300 714 1336 et
736 1295 778 1335 in
807 1300 920 1336 actu.

359 1365 473 1406 Item
497 1378 597 1405 cum
615 1364 784 1405 athomi
803 1364 873 1405 isti
891 1365 1133 1405 secundum
1151 1364 1231 1406 hos
1249 1378 1337 1405 non
1359 1364 1525 1406 habent
1548 1364 1848 1408 differenciam

300 1432 656 1485 substancialem‚
685 1439 750 1475 set
773 1433 912 1475 oritur
934 1434 1078 1475 omnis
1106 1433 1333 1474 diversitas
1360 1447 1494 1487 penes
1518 1435 1848 1477 multitudinem

299 1517 451 1544 eorum
483 1510 526 1544 et
555 1503 754 1544 ordinem
786 1508 830 1544 et
859 1503 1009 1554 situm,
1030 1510 1075 1545 et
1102 1503 1343 1545 multitudo
1365 1510 1408 1545 et
1431 1504 1541 1545 ordo
1563 1511 1607 1546 et
1629 1505 1740 1546 situs
1761 1503 1849 1544 sint
1871 1521 1912 1543 20

271 1601 278 1608 ·
297 1573 559 1622 accidencia,
580 1573 584 1627 Ι
602 1586 691 1614 non
710 1572 792 1614 erit
809 1572 891 1613 nisi
910 1573 1141 1614 diversitas
1156 1573 1440 1614 accidentalis
1459 1574 1570 1615 inter
1593 1587 1673 1615 res.
1728 1574 1850 1627 Ergo
1942 1606 1945 1626 ,

297 1642 444 1683 omnia
475 1641 627 1695 gravia
660 1648 762 1682 sunt
794 1648 838 1683 et
870 1641 993 1691 levia,
1024 1641 1094 1683 vel
1127 1642 1240 1697 ignis
1266 1643 1334 1683 vel
1367 1650 1480 1685 terra
1510 1643 1578 1684 vel
1610 1643 1752 1686 celum
1780 1643 1848 1685 vel

296 1711 477 1765 aliquod
501 1712 629 1753 unius
651 1711 827 1765 speciei,
851 1712 970 1764 quod
993 1718 1058 1753 est
1082 1712 1364 1766 impossibile.

359 1781 437 1823 Set
472 1781 754 1822 Democritus
787 1781 939 1822 nititur
969 1795 1098 1822 suum
1137 1783 1412 1836 propositum
1450 1781 1639 1833 firmare,
1675 1788 1720 1824 et
1756 1782 1850 1824 istis
1940 1795 1943 1836 ι]

298 1851 548 1893 racionibus
569 1851 800 1892 contraire.
865 1851 987 1892 Dicit
1010 1865 1116 1905 ergo
1138 1851 1258 1905 quod
1287 1851 1367 1892 hec
1390 1852 1642 1905 proposicio
1666 1854 1849 1906 ‘corpus
1871 1868 1910 1900 25
1942 1838 1943 1889 J

298 1927 364 1962 est
407 1920 624 1961 divisibile
665 1921 909 1962 secundum
953 1922 1103 1962 omnia
1145 1920 1332 1975 puncta'
1367 1928 1435 1963 est
1472 1936 1587 1973 vera,
1630 1922 1736 1976 quia
1778 1928 1844 1963 est
1940 1955 1943 2001 J

297 1989 515 2032 divisibile
537 1991 776 2031 secundum
799 1989 844 2029 A
876 1997 920 2031 et
951 1991 1193 2032 secundum
1221 1998 1434 2045 punctum
1463 1991 1498 2032 B
1528 1998 1571 2032 et
1604 1992 1847 2033 secundum
1939 2006 1941 2014 ‘

299 2065 511 2113 punctum
544 2057 606 2108 C3
641 2065 684 2099 et
715 2072 803 2112 qua
832 2060 1005 2101 racione
1033 2060 1075 2100 in
1105 2074 1206 2110 uno,
1234 2067 1277 2101 et
1306 2061 1348 2101 in
1377 2062 1615 2110 omnibus;
1647 2075 1753 2115 ergo
1781 2068 1848 2102 est

299 2128 516 2170 divisibile
552 2128 794 2169 secundum
833 2129 983 2170 omnia
1021 2136 1198 2183 puncta,
1236 2144 1343 2184 ergo
1380 2129 1460 2171 hec
1495 2131 1747 2184 proposicio
1781 2137 1848 2172 est

299 2211 401 2238 vera
424 2200 434 2217 ‘
450 2210 609 2250 corpus
626 2204 692 2238 est
715 2197 934 2239 divisibile
955 2200 1199 2240 secu-ndum
1218 2199 1367 2240 onmia
1390 2198 1582 2262 puncta'
1605 2213 1742 2252 quare
1766 2200 1847 2242 hec
1868 2215 1910 2246 30
1937 2179 1942 2263 ξ

300 2274 365 2308 θεῖ
398 2266 620 2321 possibilis
653 2267 849 2308 secunda
879 2270 1066 2322 ‘corpus
1099 2275 1165 2309 est
1198 2269 1389 2322 divisum
1422 2270 1667 2310 secundum
1698 2271 1847 2312 onmia

342 2421 363 2450 6
385 2419 641 2461 Phisieorum]
659 2431 689 2451 v.
710 2421 752 2451 26
769 2430 841 2459 sqq.
1055 2421 1352 2462 Methaphisiee]
1373 2432 1402 2453 v.
1424 2422 1453 2454 8.
1653 2433 1675 2462 9
1700 2424 1846 2456 Metha-
1938 2440 1943 2468 ἲ

298 2472 459 2513 phisico]
477 2482 508 2503 v.
526 2473 555 2503 8.
1941 2470 1943 2473 ’

349 2621 361 2640 1
388 2610 437 2641 sic
454 2621 519 2642 om.
541 2610 583 2641 M
677 2622 696 2642 2
723 2611 850 2653 nullus]
868 2612 972 2642 nichil
994 2612 1024 2643 Ο
1125 2622 1144 2651 5
1170 2618 1203 2644 et
1221 2623 1239 2644 e
1257 2614 1431 2644 contrario
1449 2624 1516 2645 om.
1539 2613 1570 2645 O
1670 2624 1686 2653 7
1712 2615 1845 2658 veram]

299 2672 400 2693 unam
420 2662 450 2693 O
603 2673 624 2703 9
649 2663 940 2704 experimentum]
960 2665 1212 2704 experienciam
1233 2664 1264 2695 O
1421 2676 1458 2696 12
1483 2666 1661 2708 convenit]
1680 2667 1846 2707 contingit

297 2719 409 2745 autem
431 2714 462 2745 O
628 2725 666 2755 13
692 2716 832 2755 ponitur
859 2715 1086 2757 compositus]
1117 2716 1333 2757 componitur
1362 2716 1392 2747 Ο
1561 2728 1602 2757 24
1629 2718 1846 2751 Democritus

298 2766 433 2807 nititur]
452 2767 658 2798 Democritei
679 2767 833 2799 nituntur
852 2768 882 2799 O
