1945 3079
154 273 278 305 O.8a.

159 2086 286 2128 96a2.

1032 81 1114 135 328

301 204 451 252 posset
485 197 587 251 quia
621 210 756 250 prope
789 210 869 237 nos
903 201 982 249 est,
1014 203 1059 237 et
1090 203 1158 238 est
1190 210 1350 251 corpus
1384 211 1592 250 magnum
1630 197 1774 249 valde,
1808 204 1852 240 et

301 268 443 321 rnajus
478 267 626 321 aliqua
659 266 905 318 stellarum,
931 272 976 307 et
998 279 1133 320 quam
1167 266 1305 308 multe
1337 267 1392 308 de
1420 265 1426 320 l
1454 267 1707 320 majoribus.
1773 266 1852 308 Set

300 337 537 379 dicendum
567 342 633 377 est
663 336 784 389 quod
816 349 903 376 non
933 341 999 377 est
1027 341 1156 376 natus
1186 335 1329 377 lucere
1359 335 1440 376 nisi
1464 337 1643 389 quando
1664 342 1731 378 est
1755 349 1853 389 per-

301 408 516 460 spicuum.
551 405 859 447 Condensatur
875 406 979 459 quia
995 405 1183 446 densum
1200 410 1266 446 est
1281 419 1414 446 causa
1432 404 1786 457 illuminacionis,
1805 411 1852 446 ut

302 476 410 517 dicit
432 475 661 528 Averroys
685 474 797 516 libro
814 474 867 515 de
886 474 1152 515 substancia
1169 473 1309 524 Orbis,
1328 480 1371 515 et
1389 473 1473 515 hoc
1491 487 1576 514 non
1592 480 1741 528 potest
1758 487 1852 515 esse

301 546 343 586 in
380 559 460 586 sua
496 558 624 599 spera
659 544 762 598 quia
800 550 866 584 θεῖ
903 544 1041 584 rarius
1079 558 1178 585 aere
1222 550 1266 584 et
1298 543 1417 584 visus
1452 543 1595 597 ipsum
1637 535 1851 597 penetrat.

301 615 458 657 Solum
481 615 597 655 enim
620 615 662 655 in
684 614 871 655 carbone
893 619 937 654 et
959 612 1141 653 flamma
1163 619 1310 666 potest
1333 613 1489 663 lucere,
1513 613 1618 666 quia
1640 613 1711 654 ibi-
1724 627 1853 673 suum

299 685 581 739 perspicuum
597 684 892 726 condensatur
906 697 984 737 per
1001 689 1204 723 naturam
1220 689 1474 723 terrestrem
1488 682 1556 723 cui
1571 683 1852 724 admiscetur.

302 754 383 796 Set
414 754 470 795 de
501 754 583 795 hac
618 753 802 794 materia
834 752 999 794 cercius
1033 752 1297 793 tractabitur
1328 751 1522 803 inferius,
1541 752 1720 806 quando
1751 765 1854 793 con-

301 824 566 865 siderabitur
595 836 683 876 que
709 836 894 876 corpora
924 827 1110 875 possunt
1137 821 1280 862 lucere
1310 822 1353 862 in
1383 821 1467 863 hoc
1499 822 1666 863 mundo
1695 827 1739 863 et
1767 835 1854 875 que

298 907 400 935 non.

356 963 404 1004 Si
426 976 530 1004 vero
553 963 724 1004 dicatur
745 963 864 1015 quod
887 967 1044 1003 natura
1068 961 1180 1016 ignis
1197 967 1241 1003 et
1264 961 1345 1002 celi
1363 968 1406 1002 et
1425 961 1651 1003 stellarum
1671 967 1854 1016 propter

297 1034 438 1073 lucem
456 1038 499 1072 et
514 1031 704 1072 calorem
730 1045 864 1085 quam
887 1031 1054 1072 faciunt
1069 1032 1237 1072 debent
1253 1044 1348 1076 esse
1363 1030 1561 1084 ejusdem
1581 1037 1736 1072 nature
1753 1044 1853 1085 spe-

299 1102 431 1151 cifice,
444 1101 548 1155 quia
562 1101 710 1155 passio
724 1115 821 1143 com
829 1101 971 1141 munis
988 1100 1124 1141 habet
1140 1101 1325 1142 eandem
1344 1114 1536 1151 causam,
1546 1106 1590 1141 et
1605 1101 1666 1141 ita
1683 1100 1796 1154 ignis
1810 1106 1855 1141 et

302 1171 445 1213 celum
468 1185 554 1212 non
578 1179 705 1211 erunt
728 1171 901 1212 diverse
922 1176 1079 1211 nature
1096 1170 1312 1224 specifice,
1335 1170 1457 1223 quod
1482 1169 1620 1219 multi,
1639 1167 1854 1211 Platonici

300 1249 344 1283 et
366 1241 450 1292 alii,
475 1246 731 1295 posuerunt,
754 1247 970 1294 ponentes
995 1239 1139 1281 solum
1161 1252 1190 1290 4
1211 1253 1397 1294 corpora
1420 1240 1462 1280 in
1492 1239 1576 1279 hoc
1600 1239 1783 1290 mundo,
1805 1245 1854 1280 ut

297 1311 442 1353 celum
467 1311 524 1351 sit
546 1311 674 1364 ignee
698 1317 880 1352 nature:
901 1311 1136 1352 dicendum
1161 1316 1228 1351 est
1250 1310 1370 1364 quod
1393 1310 1475 1350 hee
1489 1309 1717 1364 passiones
1734 1307 1853 1350 comss

302 1394 456 1422 munes
478 1386 578 1420 sunt
597 1380 658 1420 eis
676 1385 720 1420 et
742 1379 906 1421 habent
923 1380 1110 1421 eandem
1132 1393 1310 1421 causam
1327 1392 1610 1420 communem
1631 1379 1674 1419 in
1693 1378 1793 1432 igne
1810 1384 1855 1420 et

302 1449 454 1492 stellis.
518 1449 598 1491 Set
627 1449 707 1490 hec
734 1463 865 1491 causa
895 1463 984 1491 non
1016 1456 1083 1490 est
1110 1456 1267 1491 natura
1299 1448 1503 1502 specifica
1527 1448 1639 1501 ignis
1662 1456 1706 1489 et
1728 1447 1854 1490 stelle

302 1526 368 1561 set
392 1527 548 1561 natura
572 1525 740 1560 remota
762 1526 806 1560 et
827 1518 1057 1573 generalis.
1123 1518 1334 1559 Densitas
1357 1519 1473 1558 enim
1496 1523 1560 1558 est
1585 1530 1718 1558 causa
1738 1517 1854 1559 illius

303 1589 638 1630 illuminacionis
657 1588 905 1641 utrobique,
929 1594 972 1629 et
995 1595 1144 1629 tamen
1167 1601 1255 1629 non
1277 1592 1344 1628 est
1366 1594 1522 1628 natura
1544 1587 1751 1641 specifica
1773 1600 1854 1630 nec

301 1658 345 1699 in
368 1659 469 1712 igne
490 1671 570 1699 nec
594 1658 635 1698 in
658 1657 764 1700 celo.

363 1727 576 1769 Caliditas
597 1741 701 1769 vero
729 1728 771 1768 in
796 1727 934 1768 stellis
954 1733 1019 1769 est
1045 1727 1256 1769 naturalis
1278 1728 1483 1782 potencia
1504 1727 1786 1770 calefaciendi
1809 1734 1854 1770 et

303 1811 391 1838 non
423 1803 489 1838 est
520 1797 739 1850 passibilis
773 1797 976 1851 qualitas,
999 1804 1065 1838 set
1097 1797 1298 1839 caliditas
1331 1798 1444 1853 ignis
1478 1797 1736 1839 calefaciens
1768 1797 1854 1839 alia

302 1873 367 1908 est
389 1867 579 1920 qualitas
601 1867 831 1920 passibilis.
888 1867 1017 1907 Hanc
1033 1867 1366 1909 distinccionem
1389 1868 1482 1909 vult
1499 1867 1726 1922 Averroys
1741 1867 1854 1909 libro

302 1936 353 1977 de
397 1936 663 1978 Substancia
707 1936 846 1978 Orbis.
923 1937 1001 1979 Set
1043 1937 1256 1978 naturalis
1299 1937 1503 1992 potencia
1547 1944 1591 1979 et
1632 1937 1854 1992 passibilis

303 2005 493 2059 qualitas
516 2020 602 2047 non
623 2012 725 2047 sunt
757 2007 797 2046 in
828 2007 985 2047 eadem
1016 2007 1161 2060 specie
1189 2007 1519 2060 specialissima,
1541 2007 1644 2060 quia
1665 2014 1768 2049 sunt
1789 2007 1852 2048 di-

302 2089 427 2116 versa
448 2089 610 2129 genera
638 2081 643 2129 (
670 2076 914 2128 qualitatis,
935 2090 1021 2130 que
1051 2089 1138 2116 non
1167 2083 1234 2117 est
1263 2077 1306 2116 in
1337 2077 1437 2131 igne
1466 2090 1524 2117 ex
1555 2076 1750 2117 essencia
1775 2090 1855 2117 sua

303 2151 483 2198 propter
505 2145 797 2186 subtilitatem
820 2152 887 2187 set
907 2146 1089 2199 quando
1113 2146 1336 2188 densatur.
1400 2145 1604 2199 Qualiter
1625 2152 1775 2187 tamen
1797 2146 1854 2186 sit

303 2214 503 2255 caliditas
526 2215 711 2256 actualis
736 2221 779 2256 et
802 2214 1110 2256 substancialis
1134 2216 1176 2255 in
1199 2216 1299 2269 igne
1320 2220 1397 2256 aut
1422 2215 1465 2255 in
1489 2228 1617 2273 spera
1640 2228 1720 2256 sua
1740 2215 1854 2256 sicut

304 2283 407 2324 alibi
426 2285 621 2325 nondum
641 2291 707 2325 est
723 2283 1019 2336 manifestum,
1039 2290 1104 2325 set
1122 2283 1388 2333 certificatur
1405 2283 1634 2338 posterius.
1687 2282 1735 2325 Si
1748 2298 1854 2325 vero

304 2353 476 2394 dicatur
504 2354 624 2406 quod
655 2353 762 2394 illud
792 2355 912 2407 quod
941 2360 1007 2395 est
1033 2367 1206 2395 summe
1236 2367 1409 2394 sursum
1433 2360 1501 2395 est
1524 2353 1722 2394 maxime
1744 2353 1852 2403 leve,

349 2452 369 2482 5
392 2446 438 2474 de
458 2446 683 2475 substancia
700 2442 832 2484 Orbis]
852 2454 881 2474 c.
896 2453 915 2473 2
935 2443 1060 2474 ‘causa
1078 2442 1336 2474 illuminationis
1353 2467 1361 2474 .
1383 2466 1390 2474 .
1411 2466 1418 2474 .
1438 2443 1610 2474 stellarum
1629 2447 1682 2474 est
1697 2443 1852 2475 densitas

304 2495 397 2526 illius
415 2496 522 2535 partis
539 2496 710 2535 diaphane
727 2496 761 2526 in
778 2500 856 2526 actu
873 2506 917 2526 ex
934 2495 1036 2526 orbe’
1058 2495 1120 2536 (ecl.
1135 2496 1277 2535 Venice,
1299 2495 1412 2535 1496).
1504 2496 1546 2526 26
1563 2505 1592 2526 c.
1610 2505 1630 2525 2
1658 2498 1666 2512 ‘
1679 2495 1773 2526 calor
1788 2496 1854 2527 erit

304 2548 437 2578 duobus
454 2548 564 2578 modis
580 2559 585 2578 :
612 2549 705 2579 calor
720 2548 778 2587 qui
796 2552 848 2578 est
865 2548 907 2578 de
917 2547 1138 2587 qualitatibus
1149 2547 1294 2587 passivis
1307 2558 1373 2587 que
1384 2551 1614 2579 transmutant
1627 2547 1850 2579 substantiam

305 2600 337 2630 in
354 2610 421 2640 qua
438 2605 527 2640 sunt,
548 2606 581 2631 et
599 2601 692 2631 calor
707 2601 764 2640 qui
782 2611 852 2631 non
870 2605 923 2631 est
940 2601 981 2631 de
999 2600 1218 2640 qualitatibus
1235 2600 1380 2640 passivis
1394 2600 1414 2631 '.
1652 2597 1660 2601 ”

347 2694 409 2722 3-7
436 2689 488 2714 θεῖ
505 2684 724 2724 perspicuum
742 2708 749 2715 .
769 2707 776 2715 .
797 2708 804 2715 .
823 2682 939 2724 suurn]
957 2683 1030 2722 ejus
1048 2682 1090 2712 M
1176 2693 1198 2722 9
1222 2682 1436 2725 tractabitur]
1454 2688 1619 2714 tractatur
1637 2683 1668 2714 O
1754 2693 1792 2714 21
1819 2689 1853 2715 et

300 2735 434 2776 tamen]
451 2746 515 2775 que
535 2735 566 2766 O
655 2745 696 2775 25
719 2735 878 2776 qualitas]
897 2735 1078 2765 caliditatis
1097 2735 1128 2766 Ο
1217 2736 1271 2774 28,
1289 2746 1332 2775 29
1356 2746 1421 2775 que
1438 2745 1508 2766 non
1527 2759 1534 2767 .
1553 2760 1558 2767 .
1577 2759 1584 2767 .
1605 2736 1770 2767 densatur
1783 2746 1852 2767 om.

306 2787 336 2817 Ο
403 2798 446 2827 30
464 2788 716 2830 substancialis]
731 2787 904 2819 sensibilis
917 2787 948 2818 Ο
994 2787 1067 2828 aut]
1082 2798 1123 2818 an
1141 2787 1171 2818 O
1240 2798 1280 2827 31
1309 2788 1458 2819 nondum
1477 2788 1546 2829 est]
1564 2798 1635 2819 non
1649 2788 1718 2828 jam
1736 2788 1802 2819 erit
1821 2787 1852 2818 Ο

1872 493 1889 525 5

1876 840 1916 862 10

1876 1188 1914 1221 ι5

1876 1540 1916 1562 20

1875 2235 1916 2266 30
