1945 3079
849 129 927 171 43¹

102 227 340 270 contrarias
388 232 532 281 partes
579 229 751 269 racione
796 229 1045 282 sophistica,
1086 235 1151 270 set
1193 231 1310 284 apud
1353 244 1428 272 eos
1470 231 1645 281 difficili,

103 297 189 337 sic:
223 295 270 337 Si
293 301 521 336 moveatur
543 297 661 337 orbis
686 296 845 349 aliquis
868 298 1040 338 inferior
1061 298 1204 352 primo
1227 299 1331 340 orbe
1353 299 1408 340 ad
1432 300 1644 341 orientem

102 379 180 418 per
201 371 370 406 motum
400 365 588 417 primurn
612 366 667 405 ad
690 366 981 416 occidentem,
1005 372 1131 407 erunt
1164 366 1224 407 illi
1248 374 1393 409 motus
1420 383 1445 409 a
1467 369 1646 410 diversis

101 433 349 475 virtutibus.
415 433 503 474 Iste
527 433 660 486 igitur
681 434 862 475 virtutes
884 441 959 475 aut
981 442 1085 476 sunt
1108 436 1286 488 equales
1308 443 1384 477 aut
1406 437 1645 491 inequales.

0 507 3 514 '
65 522 82 553 5
103 501 152 544 Si
183 503 370 556 equales,
392 509 495 543 tunc
524 509 568 542 et
596 509 742 544 motus
767 503 823 543 ad
850 510 1084 557 utramque
1111 511 1282 559 partem
1310 512 1436 547 erunt
1458 506 1648 559 equales,

103 578 147 612 et
169 571 229 612 ita
245 578 319 612 aut
336 571 540 624 quiescet,
557 577 633 612 aut
656 572 737 612 erit
760 571 888 612 simul
913 572 956 611 in
980 573 1152 613 duobus
1169 572 1287 614 locis.
1342 573 1387 614 Si
1411 574 1648 627 inequales,

101 646 207 682 tunc
240 639 489 681 movebitur
519 641 758 680 secundum
798 647 967 682 motum
1007 639 1201 682 forcioris
1232 641 1416 693 virtutis,
1447 644 1647 697 quamvis

104 709 247 750 minus
269 708 489 758 velociter,
511 714 554 749 et
578 708 639 749 ita
661 709 716 749 ad
740 722 872 749 unam
896 717 1067 764 partem
1091 715 1275 751 tanturn.

160 777 243 818 Vel
266 783 411 830 potest
431 778 492 818 sic
514 777 661 830 argui:
696 777 743 818 Si
770 778 900 818 simul
925 783 1125 819 movetur
1149 779 1205 819 ad
1223 779 1463 820 contrarias
1488 786 1646 833 partes,

46 867 86 891 ιο
103 854 207 890 tunc
227 845 357 887 simul
375 847 457 887 erit
474 847 517 886 in
535 846 715 887 diversis
732 847 929 887 terminis
952 847 1222 888 diversorum
1247 849 1493 901 spaciorum
1516 862 1648 903 super

103 930 189 970 que
211 915 260 956 fit
283 921 440 965 motus
464 921 507 956 et
530 915 591 956 ita
612 915 741 956 simul
765 916 806 955 in
829 916 1010 956 diversis
1033 915 1151 957 locis.
1192 939 1195 941 v

161 984 238 1025 Ad
270 984 520 1038 oppositum
554 984 698 1037 arguit
729 983 1015 1026 Ptholomeus
1046 998 1124 1039 per
1155 992 1441 1039 apparentem
1473 1000 1646 1040 separa-

103 1054 273 1095 cionem
303 1053 578 1106 planetarum
603 1066 628 1093 a
651 1052 786 1094 stellis
817 1052 918 1094 fixis
943 1053 1000 1094 ad
1023 1054 1248 1102 orientem,
1273 1068 1373 1095 cum
1396 1055 1648 1096 diversitate

104 1121 402 1163 inclinacionis
424 1122 661 1162 earundem
689 1121 694 1176 Ι
723 1122 780 1163 ab
802 1128 1026 1175 equatore.

46 1200 84 1231 Ῐ5
164 1191 292 1240 Item,
330 1190 422 1231 vult
463 1189 730 1232 Aristoteles
768 1191 879 1232 libro
920 1190 1011 1233 Celz'
1049 1198 1092 1232 et
1125 1191 1304 1242 llffundz',
1344 1192 1462 1246 quod
1506 1193 1647 1233 celum

104 1267 304 1301 movetur
330 1273 355 1300 a
385 1260 547 1300 dextro
575 1260 618 1300 in
645 1259 882 1308 sinistrum,
905 1267 948 1301 et
980 1261 1098 1313 quod
1130 1261 1337 1302 dextrum
1370 1261 1499 1315 primi
1531 1261 1649 1302 orbis

103 1334 171 1371 est
212 1329 366 1378 oriens,
410 1335 453 1369 et
494 1327 588 1381 ejus
630 1328 852 1369 sinistrum
896 1334 961 1369 est
1003 1330 1216 1371 occidens.
1280 1330 1339 1371 Et
1382 1330 1425 1370 in
1469 1329 1649 1371 orbibus

106 1396 380 1438 inferioribus
402 1402 468 1438 est
490 1410 514 1437 e
535 1397 769 1439 contrario.

165 1466 293 1514 Item,
325 1467 359 1506 si
393 1471 538 1506 motus
569 1465 842 1519 planetarum
879 1466 1081 1519 proprius
1118 1472 1232 1507 esset
1266 1466 1321 1506 ad
1361 1466 1649 1517 occidentem,

45 1548 86 1570 20
104 1542 209 1577 tunc
241 1548 340 1575 cum
374 1532 452 1575 Sol
483 1533 552 1574 vel
584 1533 692 1575 alius
724 1533 919 1587 planetav
939 1533 1069 1575 fuerit
1104 1535 1186 1576 sub
1221 1535 1436 1588 principio
1469 1536 1647 1585 Arietis,

105 1603 353 1645 movebitur
368 1617 518 1644 versus
533 1603 705 1656 signum
724 1603 926 1654 Piscium,
947 1610 989 1645 et
1005 1604 1065 1645 ita
1078 1604 1252 1658 incipiet
1268 1604 1488 1645 declinare
1501 1618 1649 1646 versus

79 1674 83 1678 ”
106 1673 334 1714 meridiem
363 1673 420 1713 ab
453 1671 754 1726 equinocciali,
816 1672 877 1712 Et
905 1667 1013 1712 cumv
1036 1672 1166 1714 fuerit
1196 1673 1238 1713 in
1260 1673 1475 1727 principio
1501 1673 1647 1724 Libre,

104 1743 282 1796 incipiet
312 1741 529 1783 declinare
556 1754 705 1782 versus
735 1741 1096 1794 septentrionem,
1124 1743 1345 1783 movendo
1373 1755 1451 1795 per
1476 1743 1648 1796 signum

104 1811 308 1864 Virginis.
373 1811 433 1851 Et
455 1810 612 1851 horum
634 1810 1042 1863 contrariumpatet
1066 1810 1356 1850 manifestim.

46 1892 84 1924 ²5
165 1880 258 1921 Nec
281 1880 360 1920 erit
380 1878 471 1926 Sol,
491 1886 538 1919 ut
559 1878 742 1930 videtur,
765 1891 937 1932 semper
960 1879 1002 1918 in
1023 1877 1252 1932 superficie
1273 1878 1433 1933 cinguli
1466 1879 1646 1920 zodiaci.

105 1949 330 2004 Quoniam
368 1948 403 1988 si
441 1960 657 2001 ponamus
691 1946 841 1988 Solem
880 1946 1070 1988 existere
1104 1947 1185 1988 sub
1220 1947 1433 2001 principio
1468 1946 1647 1998 Arietis,

104 2019 226 2072 quod
258 2023 438 2058 vocatur
459 2016 518 2066 A,
541 2022 583 2056 et
617 2016 660 2055 in
693 2015 810 2055 linea
842 2014 1116 2056 meridionali
1150 2021 1252 2067 post
1283 2015 1551 2068 completam
1585 2030 1649 2057 re-

105 2086 381 2128 volucionem
420 2085 554 2139 ipsius
592 2084 637 2125 A
676 2090 799 2126 motu
838 2084 993 2125 diurno
1030 2085 1086 2125 ad
1122 2084 1239 2125 idem
1273 2091 1485 2139 punctum
1522 2085 1648 2125 meri-

104 2156 291 2197 dionalis
322 2154 482 2205 circuli,
509 2153 796 2194 incurtabitur
831 2152 908 2193 Sol
940 2167 965 2193 a
998 2159 1161 2205 puncto
1193 2152 1235 2192 A
1266 2153 1322 2193 ad
1356 2153 1648 2194 occidentem.

45 2235 87 2266 30
107 2225 167 2266 Et
200 2224 302 2278 quia
335 2223 484 2264 omnia
519 2223 643 2276 signa
681 2221 909 2263 orientalia
948 2235 973 2262 a
1010 2222 1192 2263 meridie
1229 2227 1328 2262 sunt
1366 2222 1408 2262 in
1442 2221 1525 2262 hoc
1563 2222 1649 2263 situ

105 2292 468 2348 septentrionalia
495 2293 551 2332 ab
582 2290 875 2344 equinocciali,
898 2296 941 2331 et
975 2289 1052 2330 Sol
1081 2289 1220 2341 fuerit,
1244 2296 1291 2331 ut
1317 2297 1543 2332 ostensum
1571 2296 1650 2340 est,

106 2361 404 2404 meridionalis
426 2359 659 2410 orientalis,
682 2373 857 2401 necesse
880 2364 947 2399 est
971 2357 1119 2399 Solem
1143 2359 1365 2400 declinare
1387 2373 1411 2400 a
1436 2360 1630 2400 zodiaco.

170 2453 419 2508 Capitulum
446 2458 539 2494 12³¹.
604 2451 684 2505 <de
699 2451 894 2504 opinione
904 2449 1164 2503 probabili).

119 2575 122 2578 ,
166 2532 442 2575 Probabilius
459 2539 525 2574 est
545 2531 716 2585 opinari
738 2531 857 2583 quod
881 2542 991 2570 unus
1012 2530 1069 2570 sit
1095 2535 1240 2571 motus
1263 2529 1445 2583 primus,
1466 2536 1509 2571 et
1530 2530 1649 2583 quod

45 2620 87 2653 35
107 2616 260 2645 omnes
297 2608 443 2642 motus
481 2601 567 2641 sint
609 2600 652 2640 in
689 2599 875 2640 eandem
913 2605 1098 2652 partem,
1128 2599 1338 2652 quoniam
1372 2598 1472 2638 huic
1510 2599 1650 2651 magis

106 2671 341 2714 concordat
373 2669 502 2718 racio,
531 2681 660 2709 sensu
692 2681 780 2708 non
811 2667 1150 2709 contradicente.
1213 2667 1273 2708 Et
1304 2672 1428 2720 patet
1461 2681 1519 2707 ex
1551 2680 1649 2721 pre-

153 2780 192 2810 15
214 2773 296 2802 celi
313 2774 352 2801 et
368 2768 523 2810 Mundi]
542 2768 574 2799 ii.
596 2778 645 2808 15.

122 2858 124 2860 *
152 2856 194 2886 33
223 2846 319 2889 12m.]
343 2849 415 2878 11⁰⁰.
434 2845 601 2886 Mmarg.

1670 1138 1730 1170 126
1747 1150 1766 1171 a
1786 1148 1816 1173 1.
