1945 3079
835 87 921 130 407

109 195 152 232 et
167 190 426 243 quantitatis
440 203 526 231 non
545 191 669 241 inest,
687 189 789 243 quia
806 196 910 231 tunc
925 203 1055 231 omne
1070 198 1281 244 quantum
1299 191 1513 234 divideret
1531 191 1648 234 aliud

110 259 418 309 indifferenter,
448 265 492 300 et
521 259 581 300 ita
610 272 683 300 aer
712 259 925 300 divideret
959 272 1137 300 manum
1168 260 1277 301 sicut
1308 274 1461 301 manus
1490 275 1647 312 aerem,

107 328 225 381 quod
257 327 414 385 falsum
453 334 542 376 est3
581 340 661 368 nec
698 341 775 380 per
808 334 1008 368 naturam
1044 328 1127 368 rari
1161 335 1204 369 et
1241 329 1373 380 densi,
1406 330 1507 383 quia
1542 335 1647 371 tunc

108 397 250 437 minus
291 396 475 438 densum
519 409 604 437 non
645 397 860 438 divideret
898 396 1040 449 majus
1079 397 1276 446 densum,
1312 403 1359 438 ut
1399 399 1559 439 vitrum
1604 404 1648 438 et

69 481 86 513 5
106 464 320 506 cristallus
346 472 389 507 et
417 465 577 519 glacies
608 479 694 505 non
726 465 972 506 dividerent
1001 471 1159 506 terram
1181 465 1249 506 vel
1278 466 1443 519 lignum
1467 466 1535 508 vel
1561 466 1647 508 alia

106 534 322 586 densiora,
344 534 462 587 quod
494 533 652 574 falsum
685 540 777 585 est;
810 548 888 574 nec
911 534 1088 588 aliquod
1112 534 1230 575 aliud
1254 541 1400 588 potest
1422 536 1646 588 assignari,
1686 571 1689 574 Α

106 603 186 644 nisi
209 603 434 644 veniamus
467 603 523 643 ad
552 603 665 643 hanc
692 603 1047 643 contrarietatem
1074 616 1159 656 que
1186 610 1252 645 est
1278 604 1392 645 inter
1417 604 1575 644 durum
1603 610 1646 645 et

106 671 251 722 molle,
294 671 411 712 unde
453 670 587 712 molle
624 678 777 712 natum
820 677 887 712 est
923 671 1072 719 dividi,
1111 678 1156 712 et
1193 672 1349 712 durum
1387 678 1540 713 natum
1580 678 1646 712 est

104 740 322 788 dividere3
345 746 388 781 et
413 753 540 780 sumo
564 739 695 780 molle
719 746 847 793 prout
869 746 933 780 est
960 739 1003 780 in
1028 740 1221 781 secunda
1243 741 1387 793 specie
1409 740 1647 794 qualitatis,

46 823 86 846 10
104 822 190 862 que
222 809 328 851 dicit
362 807 607 850 naturalem
641 809 682 849 in
717 809 969 862 potenciam
1003 810 1058 850 ad
1092 809 1381 850 resistendum
1416 810 1644 851 dividenti.

104 878 165 924 Et
195 878 280 919 hoc
313 877 422 929 dico,
445 878 547 931 quia
579 877 712 919 molle
744 879 861 919 istud
893 891 981 919 non
1010 884 1215 919 causatur
1237 892 1294 919 ex
1324 878 1520 930 humido,
1543 880 1646 933 quia

103 946 236 987 molle
264 947 383 1000 quod
414 953 618 987 causatur
638 947 694 988 de
715 946 899 987 humido
921 954 985 988 est
1009 948 1051 987 in
1077 947 1211 987 tercia
1231 948 1375 1000 specie
1396 947 1644 1001 qualitatis3

103 1015 243 1056 multa
265 1017 382 1057 enim
415 1022 516 1057 sunt
545 1014 792 1067 divisibilia,
820 1018 825 1068 Ι
853 1022 919 1057 set
943 1029 1031 1057 non
1058 1029 1136 1070 per
1162 1022 1364 1057 naturam
1390 1016 1573 1065 humidi,
1597 1024 1644 1060 ut

100 1091 216 1125 terra
232 1091 275 1125 et
291 1084 402 1138 ignis
420 1098 505 1138 que
523 1084 687 1125 habent
707 1084 941 1126 molliciem
957 1098 1042 1138 que
1059 1091 1125 1126 est
1140 1085 1349 1126 naturalis
1367 1086 1408 1125 in
1427 1087 1645 1140 potencia,

42 1169 80 1201 15
100 1154 156 1194 de
178 1167 264 1207 qua
287 1153 356 1194 hic
379 1153 611 1206 loquimur.

160 1221 306 1262 Prima
339 1222 470 1276 igitur
495 1222 691 1275 objeccio
716 1222 914 1275 procedit
940 1223 995 1264 de
1017 1222 1227 1264 divisione
1249 1237 1334 1276 que
1355 1229 1420 1264 est
1449 1224 1644 1277 signacio

98 1290 254 1344 quanti
291 1291 333 1330 in
371 1297 517 1343 partes
554 1291 597 1330 in
634 1292 852 1345 potencia,
890 1291 1069 1341 scilicet,
1107 1291 1252 1333 unitas
1293 1298 1337 1333 et
1381 1292 1643 1334 continuitas

98 1359 358 1400 adinvicem.
424 1359 525 1400 Hoc
551 1359 668 1400 enim
698 1366 764 1400 est
788 1359 959 1400 racione
981 1360 1281 1401 continuitatis
1304 1366 1346 1401 et
1368 1361 1641 1414 quantitatis,

97 1434 164 1470 set
187 1429 242 1470 de
263 1428 346 1469 hac
368 1441 454 1469 non
476 1427 710 1482 loquimur.
837 1478 849 1481 ἦ

40 1512 79 1534 20
158 1498 232 1539 Ad
267 1498 507 1539 secundum
543 1498 779 1540 dicendum
816 1499 936 1552 quod
971 1498 1072 1540 licet
1107 1511 1195 1539 non
1227 1504 1340 1540 esset
1373 1498 1512 1553 major
1537 1513 1640 1541 con-

97 1567 296 1609 trarietas
325 1580 403 1620 per
424 1567 684 1608 divisionem
706 1580 838 1621 quam
862 1574 965 1609 ante
990 1567 1032 1608 in
1060 1567 1168 1618 celo,
1194 1574 1343 1609 tamen
1370 1568 1404 1608 si
1427 1568 1642 1611 divisibile

64 1642 68 1646 '
97 1642 223 1686 esset,
245 1642 349 1677 tunc
371 1641 594 1690 oporteret
616 1637 735 1689 quod
758 1637 801 1677 in
826 1635 920 1677 celo
942 1642 1054 1678 esset
1083 1637 1367 1678 contrarietas
1395 1644 1439 1678 et
1466 1643 1569 1678 ante
1597 1643 1641 1679 et

95 1710 210 1758 post,
231 1704 395 1746 scilicet
419 1705 705 1746 contrarietas
734 1718 820 1758 que
846 1705 1009 1746 faceret
1031 1705 1292 1746 divisionem
1322 1719 1408 1758 que
1434 1712 1499 1747 est
1528 1707 1641 1747 inter

96 1773 254 1814 durum
271 1779 313 1815 et
331 1772 474 1824 molle,
490 1779 538 1814 ut
552 1773 677 1815 stella
690 1773 871 1815 haberet
887 1787 1023 1814 unum
1039 1780 1291 1815 extremum
1306 1775 1639 1826 contrarietatis,

38 1857 76 1890 ²5
95 1841 260 1883 scilicet
283 1842 506 1891 duriciem,
529 1849 573 1883 et
596 1842 714 1883 orbis
737 1842 868 1893 aliud,
892 1842 1066 1892 scilicet,
1091 1842 1340 1884 molliciem.

153 1910 230 1951 Ad
279 1911 464 1952 tercium
517 1911 752 1952 dicendum
795 1917 861 1952 est
903 1911 1022 1964 quod
1065 1911 1177 1966 ignis
1219 1918 1284 1953 est
1324 1912 1554 1954 divisibilis
1595 1919 1638 1954 et

94 1979 384 2032 corruptibilis
400 1981 640 2021 secundum
658 1986 841 2035 partem,
867 1979 969 2022 licet
984 1993 1071 2021 non
1085 1981 1324 2022 secundum
1347 1986 1504 2032 totum,
1528 1982 1640 2024 sicut

94 2053 138 2089 et
163 2047 247 2088 alie
276 2061 402 2102 spere
429 2048 761 2100 elementorum,
786 2049 904 2090 unde
931 2050 1108 2103 quando
1132 2048 1208 2091 Sol
1232 2056 1298 2091 est
1324 2050 1367 2090 in
1390 2050 1638 2092 meridianis

93 2117 240 2171 signis,
275 2123 380 2158 tunc
412 2118 680 2159 convertitur
707 2118 751 2158 in
778 2117 1003 2171 Aquilone
1036 2119 1224 2160 multum
1256 2119 1311 2160 de
1342 2119 1638 2173 superioribus

35 2204 77 2237 30
93 2184 320 2226 elementis
343 2186 386 2226 in
409 2186 611 2228 inferiora
628 2192 808 2240 propter
830 2187 964 2240 frigus
987 2193 1030 2228 et
1053 2187 1284 2228 humidum
1307 2188 1635 2240 invalescencia‚

93 2261 136 2295 et
174 2268 198 2295 e
237 2255 454 2297 contrario
491 2256 670 2309 quando
708 2255 822 2296 redit
857 2257 914 2297 ad
951 2256 1076 2310 signa
1117 2256 1487 2311 septentrionalia,
1525 2258 1638 2299 sicut

95 2323 358 2365 Aristoteles
379 2324 472 2365 vult
500 2325 543 2365 in
571 2324 681 2366 libro
703 2324 1042 2366 Metheororum.
1105 2324 1182 2366 Set
1205 2326 1445 2367 secundum
1468 2340 1514 2367 se
1541 2333 1637 2368 tota

92 2405 181 2433 non
205 2399 389 2446 possunt
417 2393 636 2448 corrumpi
665 2393 884 2435 elementa
906 2393 949 2434 in
978 2393 1127 2447 speris,
1150 2394 1253 2448 quia
1274 2401 1375 2436 sunt
1402 2395 1456 2436 de
1483 2395 1635 2437 mundi

91 2461 343 2515 integritate
363 2469 407 2504 et
430 2463 484 2503 de
506 2462 778 2516 perfeccione
798 2463 951 2504 tocius.

33 2543 91 2581 35·
150 2530 226 2571 Ad
250 2537 456 2585 quartum
490 2532 588 2574 dico
619 2532 739 2586 quod
772 2532 846 2573 ubi
879 2531 1035 2573 divisio
1057 2532 1278 2586 possibilis
1299 2539 1377 2584 est,
1400 2534 1459 2575 ibi
1482 2548 1634 2576 verum

91 2604 157 2639 est
174 2601 294 2652 quod
314 2607 511 2642 remanet
527 2602 682 2642 eadem
699 2607 855 2641 natura
877 2607 979 2642 ante
1001 2607 1044 2642 et
1066 2607 1176 2655 post,
1199 2608 1242 2643 et
1264 2609 1375 2644 esset
1398 2603 1440 2643 in
1462 2603 1568 2652 celo,
1591 2609 1634 2645 et

93 2667 191 2708 ideo
209 2668 243 2709 si
265 2669 405 2710 celum
429 2676 544 2712 esset
566 2669 786 2711 divisibile
804 2669 916 2711 sicut
938 2675 1038 2722 post
1055 2670 1327 2721 divisionem,
1344 2684 1432 2713 non
1449 2671 1632 2714 haberet

136 2767 179 2797 32
203 2758 505 2801 Matheororum]
524 2760 543 2791 i.
562 2770 592 2798 4.

1668 1031 1765 1062 118a
1786 1041 1813 1062 2.
