1945 3079
121 781 164 813 O.
184 790 222 822 15
240 791 270 814 a.

128 2183 187 2206 101
208 2185 227 2206 a
248 2184 274 2206 Ι.

1031 41 1115 94 346

291 156 454 212 angulo
478 156 524 206 F,
547 169 652 210 ergo
677 161 743 196 est
763 169 841 210 per
867 162 971 209 29³¹¹²
989 155 1119 209 primi
1142 156 1473 199 Elementorum
1494 156 1683 211 angulus
1709 155 1838 198 HFO
1892 176 1894 178 ·

292 227 346 266 sit
369 225 534 278 equalis
557 224 719 279 angulo
738 222 879 275 FOG,
897 224 979 266 erit
1001 224 1189 279 angulus
1209 225 1335 268 EOF
1361 226 1502 280 major
1518 226 1682 280 angulo
1701 225 1841 277 FOG,

292 308 427 348 quare
461 309 560 336 cum
597 294 725 336 stella
757 301 824 337 est
857 295 899 335 in
934 295 1116 337 meridie
1152 295 1332 337 videtur
1369 296 1451 337 sub
1486 296 1642 350 majori
1678 294 1842 349 angulo

290 378 423 417 quam
457 365 639 417 quando
672 370 739 405 est
770 377 923 405 versus
952 370 1110 415 ortum,
1135 371 1179 406 et
1211 365 1353 406 multo
1377 365 1518 418 majus
1549 364 1774 406 videbitur
1796 363 1840 404 in

290 440 388 474 ortu
430 433 512 475 sub
545 434 703 474 minori
733 433 910 489 angulo,
945 440 993 475 ut
1029 441 1153 489 patet
1190 449 1269 488 per
1305 435 1840 489 consimilembracionem
1863 452 1880 484 5

289 502 358 544 vel
391 502 707 557 figuracionem
741 509 784 545 et
817 504 1264 547 demonstracionem.
1330 504 1451 559 Ergo
1486 505 1529 545 in
1565 510 1665 546 ortu
1699 504 1842 544 minor

291 573 526 628 apparebit
548 587 682 628 quam
708 573 750 613 in
774 574 968 624 meridie,
992 574 1112 627 quod
1135 573 1294 615 falsum
1321 580 1402 616 est.
1699 629 1706 632 ι

354 643 469 684 Item
512 643 739 684 stellarum
782 644 998 686 distancia
1040 643 1232 685 fixarum
1274 657 1447 698 semper
1487 650 1555 685 est
1592 643 1761 693 eadem,
1800 647 1844 683 et

296 711 435 765 figura
463 713 687 762 distancie,
712 719 756 754 et
783 713 902 755 visus
931 714 975 754 in
999 712 1085 755 hoc
1111 727 1199 755 non
1227 714 1455 767 decipitur.
1518 713 1639 754 Nam
1663 711 1844 765 quando

293 782 414 822 videt
446 788 535 823 tres
563 781 712 823 stellas
742 783 786 823 in
814 788 912 823 ortu
942 784 1023 824 sub
1053 782 1307 837 triangulari
1335 781 1475 836 figura
1503 781 1507 837 Ι
1531 781 1749 836 judicabit
1772 793 1846 821 eas
1868 800 1906 823 10

293 850 336 890 in
367 851 550 892 meridie
578 851 659 892 sub
686 853 842 893 eadem
871 852 1090 893 distancia
1117 851 1360 893 abinvicem
1386 858 1429 892 et
1457 851 1499 891 in
1523 851 1682 892 eadem
1705 850 1847 904 figura

292 927 336 961 et
364 920 425 961 sic
455 920 498 960 in
527 934 685 962 occasu
713 927 756 962 et
784 921 826 962 in
853 921 973 962 omni
1000 927 1125 974 parte
1148 921 1241 962 celi.
1309 921 1409 962 Hoc
1442 921 1558 962 enim
1585 920 1747 962 scimus
1769 932 1847 973 per

292 990 649 1044 experimentum
687 991 815 1031 visus.
881 991 1022 1045 Igitur
1062 992 1097 1031 si
1136 990 1216 1031 Gss
1259 990 1315 1031 sit
1359 990 1577 1032 distancia
1619 989 1846 1031 stellarum

292 1059 493 1110 duarum,
511 1066 554 1100 et
570 1060 611 1100 in
631 1066 729 1100 ortu
748 1073 897 1101 earum
917 1061 999 1101 erit
1016 1060 1175 1101 eadem
1193 1060 1410 1101 distancia
1433 1073 1583 1101 earum
1604 1059 1646 1099 in
1667 1057 1848 1099 meridie

291 1135 335 1170 et
368 1130 544 1183 ubique,
567 1135 611 1170 et
642 1130 799 1170 eadem
822 1130 933 1171 visui
961 1130 1204 1185 apparebit.
1269 1129 1348 1171 Set
1380 1130 1414 1170 si
1443 1128 1585 1170 celum
1619 1134 1686 1170 est
1717 1127 1848 1183 plane
1870 1146 1908 1179 15

292 1199 430 1253 figure
462 1199 545 1240 hoc
579 1199 835 1252 inpossibile
862 1206 928 1240 est
960 1213 1038 1254 per
1064 1199 1496 1242 demonstracionem
1521 1198 1846 1252 precedentem.

294 1268 411 1309 Nam
451 1267 531 1309 GB
565 1269 790 1310 videbitur
828 1270 908 1310 sub
946 1270 1104 1311 minori
1140 1269 1307 1323 angulo
1346 1269 1528 1322 quando
1567 1274 1634 1310 est
1672 1268 1715 1308 in
1748 1273 1848 1308 ortu

292 1352 427 1392 quam
456 1340 634 1392 quando
666 1345 732 1380 est
766 1339 808 1379 in
841 1339 1035 1391 meridie,
1068 1353 1173 1394 ergo
1208 1340 1350 1381 minor
1382 1338 1613 1393 apparebit
1644 1337 1687 1378 in
1719 1342 1847 1378 ortu:

292 1409 412 1461 quod
435 1408 594 1450 falsum
619 1415 696 1449 est.

354 1478 467 1519 Item
482 1479 517 1519 si
532 1478 675 1519 celum
692 1484 806 1520 esset
819 1479 951 1532 plane
969 1478 1119 1533 figure,
1134 1486 1240 1520 tunc
1259 1478 1376 1519 linea
1393 1484 1539 1520 tracta
1557 1477 1600 1518 in
1618 1476 1849 1532 superficie
1869 1495 1910 1518 πο

294 1547 374 1589 celi
392 1548 448 1589 ab
465 1549 634 1590 oriente
651 1548 705 1589 ad
723 1549 924 1590 occidens
944 1549 1232 1603 equidistaret
1252 1548 1364 1590 linee
1381 1547 1654 1602 contingenti
1673 1553 1848 1597 terram,

294 1624 338 1658 et
355 1631 510 1659 omnes
528 1618 636 1658 radii
654 1617 841 1659 visuales
858 1619 1067 1660 caderent
1089 1619 1203 1660 inter
1225 1618 1321 1660 illas
1343 1619 1452 1659 duas
1476 1617 1625 1658 lineas.
1676 1616 1848 1670 Corpus

293 1700 396 1727 vero
426 1693 540 1728 terre
568 1701 656 1728 non
685 1687 861 1728 caderet
890 1688 1003 1728 inter
1035 1688 1132 1729 illas
1161 1688 1312 1739 lineas,
1334 1695 1384 1728 ut
1412 1692 1550 1741 patet,
1574 1699 1653 1727 nec
1682 1685 1849 1740 aliquid

294 1769 483 1811 opacum
506 1755 624 1797 aliud
648 1756 730 1797 nisi
752 1757 863 1798 sicut
880 1771 992 1799 nunc
1015 1764 1117 1799 sunt
1140 1758 1280 1799 nubes
1298 1756 1542 1811 aliquando
1566 1756 1608 1796 in
1632 1768 1732 1797 aere
1751 1768 1760 1805 ;
1792 1754 1849 1795 de

294 1825 454 1878 quibus
486 1838 573 1866 non
597 1832 661 1866 est
682 1825 759 1866 vis.
823 1825 901 1867 Set
919 1826 1050 1867 nichil
1074 1827 1212 1867 oritur
1238 1825 1366 1867 nobis
1392 1827 1448 1867 de
1471 1825 1564 1867 celo
1586 1838 1666 1866 nec
1689 1823 1848 1866 occidit
1869 1844 1908 1876 25

294 1894 375 1934 nisi
407 1907 482 1947 per
514 1894 901 1948 interposicionem
935 1895 1078 1949 opaci,
1101 1909 1206 1950 ergo
1238 1895 1356 1936 nulla
1388 1893 1615 1936 stellarum
1649 1907 1730 1935 nec
1761 1892 1847 1934 alia

294 1976 394 2016 pars
424 1963 504 2004 celi
535 1964 723 2005 oriretur
752 1964 880 2005 nobis
909 1979 987 2005 nec
1018 1965 1246 2014 occideret,
1269 1971 1314 2006 et
1342 1965 1459 2005 istud
1483 1969 1608 2017 patet
1629 1963 1672 2004 in
1694 1962 1848 2018 figura.

355 2031 469 2072 Item
507 2032 543 2072 si
581 2032 725 2073 celum
765 2040 881 2074 esset
918 2034 1111 2087 planum,
1148 2034 1275 2075 stella
1317 2040 1571 2075 moveretur
1606 2032 1848 2074 secundum

297 2100 456 2142 lineam
486 2107 652 2143 rectam
681 2102 923 2143 secundum
954 2104 1264 2145 extencionem
1299 2103 1390 2152 celi,
1415 2116 1521 2157 ergo
1551 2116 1638 2144 non
1666 2102 1848 2144 haberet

297 2171 438 2211 celum
489 2177 660 2212 motum
706 2172 990 2223 circularem;
1045 2173 1168 2227 cujus
1211 2172 1481 2215 contrarium
1525 2172 1729 2214 videmus
1755 2169 1761 2227 Ι
1789 2172 1846 2213 ad
1869 2191 1910 2223 30

296 2254 483 2281 sensum.
1065 2236 1068 2239 ’

356 2311 469 2350 Item
508 2311 690 2363 quando
733 2317 837 2353 tunc
884 2312 939 2353 ad
974 2311 1291 2354 occidentalem
1344 2318 1517 2365 partem
1569 2311 1695 2352 istius
1734 2310 1847 2352 linee

296 2378 476 2428 veniret,
501 2392 724 2433 nunquam
754 2381 976 2423 occideret
1007 2381 1087 2422 nisi
1121 2395 1199 2435 per
1229 2381 1565 2434 elongacionem
1599 2380 1845 2422 maximam

297 2462 323 2488 a
354 2448 482 2489 nobis
515 2448 556 2488 in
588 2455 762 2490 tantum
797 2456 845 2491 ut
877 2450 1172 2492 occultaretur
1205 2449 1332 2492 stella
1361 2464 1386 2491 a
1416 2450 1509 2491 visu
1540 2456 1703 2492 nostro.
1767 2449 1848 2492 Set

344 2603 357 2623 1
385 2593 485 2635 29am]
504 2594 588 2624 26ΜΠ
606 2593 648 2623 M
759 2603 786 2633 1,
806 2604 825 2624 2
842 2594 905 2625 FO
933 2594 978 2625 sit
1003 2594 1135 2634 equalis
1160 2619 1166 2625 .
1194 2619 1200 2626 .
1226 2618 1234 2626 .
1260 2594 1383 2634 angulo
1410 2604 1476 2626 om.
1506 2593 1548 2624 M
1645 2599 1676 2634 '3
1701 2593 1846 2635 angulo]

295 2646 488 2685 quantitate
506 2646 548 2676 M
656 2655 675 2686 5
701 2646 874 2677 racionem
892 2647 946 2677 vel
964 2657 1030 2678 om.
1053 2647 1083 2678 O
1216 2649 1237 2678 6
1261 2646 1312 2688 et]
1331 2647 1372 2677 ad
1390 2646 1432 2676 M
1541 2646 1666 2687 minor]
1684 2647 1793 2686 major
1808 2645 1851 2677 M

300 2708 338 2729 12
362 2698 443 2739 celi]
462 2699 551 2730 oculi
571 2697 602 2729 O
739 2709 777 2738 13
801 2699 1092 2740 experimentum]
1106 2700 1361 2740 experienciam
1378 2698 1409 2729 Ο
1549 2708 1587 2738 15
1612 2698 1755 2740 ubique]
1774 2698 1846 2730 ubi-

296 2761 427 2790 cunque
447 2749 476 2780 O
588 2751 638 2793 et]
656 2751 762 2783 eciam
780 2751 821 2781 M
928 2762 971 2783 20
995 2751 1118 2785 tracta]
1137 2756 1230 2783 recta
1247 2751 1289 2782 M
1407 2761 1448 2791 25
1475 2750 1597 2792 nichil]
1614 2760 1677 2782 nec
1694 2750 1736 2781 M
