1945 3079
841 110 920 154 327

110 211 325 261 trarietas,
349 218 397 252 ut
421 217 544 264 patet
567 211 680 252 bene
703 211 745 251 in
768 211 990 254 coloribus
1013 220 1057 255 et
1081 215 1247 265 multis,
1269 217 1371 270 quia
1394 217 1476 260 hoc
1499 232 1649 259 verum

109 286 174 322 est
197 281 270 321 ubi
293 294 350 321 ex
372 280 582 321 extremis
605 286 929 333 componuntur
951 282 1108 334 media,
1126 290 1170 325 et
1187 284 1245 326 sic
1264 286 1456 327 medium
1477 287 1651 328 racione

109 350 336 403 utriusque
367 349 555 390 extremi
587 350 876 390 contrariatur
910 351 1082 405 utrique
1114 359 1330 405 extremo,
1354 361 1400 396 ut
1434 356 1649 409 pallidum

108 419 281 459 racione
312 418 400 459 albi
432 418 722 459 contrariatur
753 419 888 473 nigro,
922 426 965 460 et
1011 421 1186 462 racione
1218 423 1327 476 nigri
1360 425 1650 466 contrariatur

71 506 88 538 5
106 487 222 529 albo.
287 487 387 528 Hoc
409 493 557 528 autem
579 500 666 527 non
688 493 755 528 est
777 487 847 529 hic
869 488 943 538 sic,
966 489 1068 542 quia
1093 491 1238 530 media
1262 505 1348 531 non
1372 506 1647 546 componun-

107 561 177 597 tur
199 569 256 596 ex
278 556 502 607 extremis,
516 561 583 596 set
600 556 886 610 principalem
909 558 1076 599 habent
1093 560 1449 601 contrarietatem
1469 576 1568 602 cum
1587 563 1648 602 eis

105 631 149 666 et
172 625 297 678 quasi
320 624 544 677 majorem.
606 624 724 678 Quia
755 639 870 678 aqua
903 633 969 667 est
1002 626 1158 681 frigida
1191 634 1234 669 et
1267 628 1446 670 humida
1475 637 1518 670 et
1545 644 1647 671 con-

104 694 234 734 traria
265 693 354 747 igni
384 693 426 734 in
458 694 629 734 duabus
659 693 962 746 qualitatibus,
987 702 1101 737 terre
1134 710 1236 737 vero
1270 697 1312 737 in
1345 711 1429 738 una
1460 705 1646 739 tantum.

105 762 213 803 Ideo
236 769 415 817 propter
436 762 518 803 hoc
540 762 776 803 dicendum
794 765 914 816 quod
932 770 1105 805 tantum
1121 778 1254 805 unum
1272 766 1342 806 uni
1362 767 1649 808 contrariatur

45 850 85 873 10
103 831 275 873 racione
311 831 440 872 unius
476 831 544 872 vel
572 831 772 886 specialis
807 833 1140 884 contrarietatis,
1172 841 1238 875 set
1270 834 1467 888 pluribus
1501 843 1648 890 potest

102 890 275 942 racione
292 901 480 954 plurium
499 902 863 942 contrarietatum
880 909 922 943 et
942 903 1115 943 racione
1133 903 1346 956 generalis
1363 906 1647 947 contrarieta-

102 970 168 1019 tis,
192 976 240 1011 ut
272 970 383 1024 ignis
406 971 697 1012 contrariatur
714 972 804 1012 aeri
823 972 998 1013 racione
1016 973 1336 1014 contrarietatis
1354 987 1438 1026 que
1456 981 1522 1015 est
1540 975 1650 1016 inter

102 1039 196 1081 leve
218 1039 472 1081 absolutum
495 1047 539 1081 et
569 1040 662 1082 leve
691 1042 997 1095 respectivum‚
1020 1048 1087 1082 set
1115 1056 1229 1095 aque
1258 1049 1302 1084 et
1331 1050 1443 1084 terre
1477 1045 1649 1086 racione

100 1110 424 1150 contrarietatis
446 1123 532 1163 que
554 1116 620 1151 est
643 1110 754 1152 inter
777 1110 871 1151 leve
894 1117 937 1150 et
961 1125 1107 1164 grave,
1126 1118 1168 1152 et
1187 1112 1288 1153 ideo
1306 1126 1384 1166 per
1396 1114 1647 1166 generalem

41 1194 78 1227 15
101 1179 484 1227 contrarietatem3
514 1186 557 1220 et
575 1186 724 1220 tamen
741 1193 855 1232 aque
878 1180 1171 1221 contrariatur
1193 1195 1270 1234 per
1293 1183 1647 1223 contrarietatem

99 1260 186 1300 que
208 1254 275 1289 est
298 1248 411 1289 inter
432 1247 527 1289 leve
549 1248 804 1289 absolutum
828 1255 872 1289 et
894 1262 1026 1302 grave
1050 1251 1357 1303 respectivum,
1375 1258 1418 1292 et
1441 1258 1553 1292 terre
1571 1267 1648 1305 per

100 1314 456 1358 contrarietatem
479 1331 565 1370 que
588 1324 654 1358 est
676 1318 789 1357 inter
811 1317 906 1358 leve
930 1324 972 1358 et
995 1332 1128 1371 grave
1150 1319 1416 1362 absolutum.
1466 1321 1647 1362 Utrum-

98 1399 184 1438 que
212 1391 362 1427 tamen
390 1392 458 1427 est
487 1399 623 1426 unum
653 1392 906 1426 extremum
936 1393 1138 1440 respectu
1170 1386 1278 1428 levis
1306 1389 1418 1429 sicut
1441 1389 1582 1442 majus
1605 1395 1647 1430 et

99 1456 242 1496 minus
274 1462 475 1510 respectu
507 1455 692 1508 equalis,
715 1456 820 1509 quia
852 1456 965 1496 sicut
999 1455 1202 1509 inequale
1235 1457 1471 1511 opponitur
1503 1458 1647 1511 equali

11 1538 79 1560 >20
97 1537 184 1565 una
211 1525 531 1575 contrarietate,
561 1525 623 1564 sic
655 1539 789 1578 grave
821 1525 1060 1579 opponitur
1090 1525 1173 1566 levi
1205 1539 1290 1567 una
1323 1527 1645 1568 contrarietate.

97 1592 175 1635 Set
210 1595 292 1635 sub
328 1594 451 1648 gravi
487 1594 772 1635 continentur
811 1600 925 1635 terra
963 1600 1007 1635 et
1039 1607 1167 1647 aqua,
1198 1595 1309 1636 sicut
1341 1596 1422 1636 sub
1455 1595 1646 1649 inequali

96 1662 235 1715 majus
257 1669 301 1703 et
323 1663 478 1704 minus.

155 1730 203 1773 Si
225 1732 394 1773 dicatur
415 1733 537 1786 quod
566 1731 786 1773 elementa
816 1739 919 1772 sunt
949 1738 1131 1785 propter
1161 1733 1366 1783 mixtum,
1389 1739 1432 1773 et
1455 1734 1538 1774 tria
1560 1733 1644 1774 ele-

96 1807 245 1842 menta
279 1807 381 1842 sunt
427 1801 579 1843 mixtis
623 1800 760 1852 utilia,
798 1814 904 1854 ergo
949 1806 1158 1853 quartum
1194 1801 1462 1854 superfluum
1501 1807 1642 1842 esset:

35 1883 74 1915 25
95 1870 331 1911 dicendum
361 1877 427 1912 est
458 1871 577 1924 quod
609 1883 698 1910 non
730 1876 794 1910 est
819 1883 998 1910 necesse
1021 1868 1188 1922 fingere
1211 1870 1356 1923 ignem
1380 1871 1646 1912 descendere

94 1954 120 1980 a
141 1954 269 1994 spera
290 1953 368 1981 sua
389 1940 444 1981 ad
469 1940 612 1981 locum
633 1940 875 1990 mixtionis,
893 1946 940 1980 ut
956 1938 1114 1992 vulgus
1133 1940 1290 1992 querit,
1306 1946 1373 1981 set
1390 1939 1642 1994 principali-

94 2015 159 2050 ter
195 2015 239 2050 et
275 2009 521 2064 specialiter
549 2009 780 2062 requiritur
808 2009 864 2049 ad
894 2008 1259 2049 constitucionem
1291 2010 1442 2050 mundi
1475 2010 1531 2050 ad
1566 2009 1644 2049 mi-

94 2084 224 2119 xtum
247 2092 361 2131 vero,
376 2092 464 2119 non
479 2078 559 2119 nisi
574 2078 805 2119 influencia
833 2076 837 2131 Ι
866 2091 942 2118 sue
958 2078 1144 2126 virtutis,
1160 2078 1367 2130 quoniam
1382 2078 1647 2120 sufficienter
1665 2086 1706 2128 96
1723 2098 1742 2118 a
1762 2095 1788 2118 1.

93 2148 290 2201 generari
314 2154 460 2202 potest
487 2147 667 2189 inferius
691 2147 733 2187 in
758 2147 855 2188 loco
877 2147 1109 2188 mixtionis
1127 2160 1206 2201 per
1228 2148 1374 2189 radios
1397 2154 1440 2188 et
1463 2149 1646 2189 virtutes

32 2228 74 2260 30
92 2217 332 2258 stellarum.

152 2286 198 2328 Si
220 2287 393 2328 dicatur
409 2288 525 2340 quod
547 2287 658 2340 ignis
681 2293 809 2327 natus
831 2292 897 2327 est
920 2286 1075 2336 lucere,
1098 2292 1164 2326 set
1181 2299 1267 2326 non
1284 2286 1483 2326 videmus
1501 2285 1642 2327 lucem

92 2356 291 2409 superius
312 2356 393 2397 nisi
416 2357 458 2396 in
481 2355 631 2405 stellis,
653 2369 758 2409 ergo
782 2368 869 2395 non
893 2361 958 2395 est
981 2355 1040 2395 ibi
1064 2354 1201 2407 ignis:
1235 2354 1368 2407 aliqui
1392 2355 1644 2407 ignorantes

92 2424 380 2479 dyaphanum
417 2424 486 2466 vel
519 2424 888 2478 dyaphanitatem
919 2424 1010 2465 sive
1045 2424 1271 2464 raritatem
1299 2423 1410 2476 ignis
1442 2422 1642 2464 solebant

92 2493 234 2535 dicere
257 2494 377 2547 quod
401 2493 647 2535 occultatur
669 2506 747 2546 per
768 2493 917 2533 lumen
940 2491 1180 2533 stellarum.
1236 2492 1315 2533 Set
1335 2492 1419 2532 hoc
1441 2505 1535 2532 esse
1558 2505 1642 2532 non

137 2643 150 2663 1
177 2634 266 2664 bene
282 2644 347 2665 om.
368 2633 398 2664 O
468 2643 488 2672 3
513 2637 667 2663 extremo
684 2643 751 2663 om.
773 2631 804 2662 O
878 2633 917 2661 16
940 2631 1149 2672 absolutum]
1167 2631 1369 2672 simpliciter
1388 2631 1418 2663 Ο
1495 2642 1533 2661 21
1563 2642 1641 2663 con-

89 2685 258 2726 tinentur]
275 2685 470 2716 continetur
486 2684 527 2715 M
628 2684 794 2725 inequali]
812 2684 925 2724 equali
950 2683 992 2714 M
1077 2694 1119 2723 24
1148 2684 1374 2725 superfluum]
1393 2684 1549 2714 similiter
1565 2684 1593 2715 si
1612 2683 1643 2714 O

88 2738 130 2768 28
153 2747 235 2768 vero
251 2748 318 2768 om.
340 2737 371 2768 O
444 2747 506 2768 sue
524 2736 675 2778 virtutis]
694 2736 881 2767 universali
901 2735 932 2766 Ο
1036 2746 1087 2775 29,
1105 2746 1148 2775 3ο
1171 2746 1234 2775 per
1251 2760 1258 2766 .
1279 2758 1286 2766 .
1308 2759 1315 2766 .
1333 2735 1506 2766 stellarum
1525 2746 1591 2766 om.
1613 2735 1643 2766 O

89 2799 133 2829 31·
156 2789 304 2830 dicatur]
322 2789 489 2820 obiciatur
509 2788 539 2820 O
673 2798 714 2828 33
739 2788 959 2828 dyaphanum
979 2812 984 2818 .
1003 2811 1009 2818 .
1031 2811 1038 2817 .
1058 2787 1163 2828 ignis]
1182 2787 1431 2828 philosophiam
1453 2787 1483 2818 O
