1945 3079
105 859 166 892 ¹04
183 850 205 881 b
225 859 254 881 2.

112 1754 152 1786 Ο.
173 1762 210 1784 22
228 1752 260 1783 b.

1008 32 1092 85 360

331 147 377 189 Si
401 147 574 188 dicatur
602 146 720 199 quod
750 145 1018 187 continuitas
1049 145 1281 200 cujuslibet
1310 146 1517 188 elementi
1548 153 1593 189 et
1625 147 1824 203 parcium

271 218 365 271 ejus
416 216 521 257 facit
566 214 679 257 hanc
726 215 1021 270 replecionem
1066 222 1109 257 et
1162 229 1248 258 non
1296 216 1553 271 hujusmodi
1601 216 1826 271 figuracio‚

270 285 507 327 dicendum
543 291 609 326 est
635 286 755 338 quod
793 285 1071 326 continuacio
1104 299 1191 326 non
1222 285 1339 335 facit,
1367 287 1577 340 quoniam
1609 287 1644 328 si
1676 291 1826 341 partes

270 361 416 396 essent
460 354 630 395 diverse
673 354 916 395 secundum
959 354 1211 408 superficies
1253 369 1354 396 suas
1397 356 1540 398 adhuc
1582 355 1826 410 replerent:

270 438 406 478 quare
428 424 618 478 replecio
642 430 731 465 stat
754 437 855 465 cum
878 424 1170 478 contiguitate
1191 424 1306 466 sicut
1327 438 1428 465 cum
1451 425 1757 476 continuitate.
1846 441 1864 475 5

331 493 379 534 Si
402 494 575 535 dicatur
596 494 717 547 quod
741 493 898 535 saltem
921 494 1152 535 actualiter
1175 493 1217 534 in
1246 500 1362 535 terra
1385 501 1429 536 et
1452 494 1495 534 in
1517 493 1719 548 quolibet
1740 493 1829 536 alio

272 563 593 604 elementorum
631 563 666 604 si
704 576 783 618 per
818 577 865 604 se
898 569 1014 604 esset
1052 576 1152 605 cum
1190 563 1246 604 sit
1281 577 1383 604 vere
1419 576 1578 618 corpus
1615 576 1751 617 unum
1785 568 1829 605 et

271 632 542 683 continuum,
565 639 712 686 partes
732 632 826 674 sine
848 631 1116 687 figuracione
1138 631 1288 686 aliqua
1312 632 1559 686 replerent:
1593 632 1830 675 dicendum

273 709 339 744 est
371 703 491 756 quod
527 702 610 744 hoc
642 716 728 744 non
761 708 828 743 est
860 702 942 743 nisi
975 702 1226 757 aptitudine
1253 701 1535 759 figuracionis
1557 701 1741 749 salvata,
1761 701 1830 743 cui

274 773 432 814 accidit
464 772 755 814 continuacio.
818 771 937 813 Nam
967 786 1024 813 ex
1057 772 1223 813 eisdem
1253 771 1454 825 partibus
1481 771 1764 825 componitur
1788 770 1831 810 in
1854 784 1894 809 10

276 856 385 896 quas
416 847 521 883 nata
548 848 615 883 est
643 839 648 898 Ι
677 841 826 883 dividi.
888 841 968 884 Set
1002 841 1157 882 divisio
1190 841 1404 883 naturalis
1435 847 1480 882 et
1507 854 1643 894 quam
1674 839 1832 881 melius

276 911 457 965 requirit
486 917 656 961 natura,
677 917 743 951 est
766 912 809 952 in
831 916 977 966 partes
1003 910 1115 952 tales
1137 917 1182 955 et
1211 910 1271 952 sic
1293 909 1531 964 figuratas;
1563 910 1698 964 igitur
1719 910 1833 950 sicut

276 981 311 1021 si
334 987 452 1022 terra
473 986 589 1021 esset
611 980 752 1021 divisa
775 980 815 1020 in
839 986 907 1021 tot
928 986 1075 1034 partes
1096 985 1212 1021 esset
1235 993 1370 1021 unum
1400 979 1656 1033 contiguum
1679 991 1832 1020 secun—

276 1051 382 1091 dum
413 1050 723 1091 necessitatem
754 1049 928 1090 illarum
957 1049 1210 1104 figurarum.
1270 1048 1485 1090 Similiter
1506 1063 1607 1090 cum
1629 1056 1746 1091 terra
1767 1055 1835 1090 est

276 1119 417 1161 divisa
446 1125 490 1160 et
522 1118 658 1160 habet
689 1119 747 1160 de
777 1119 843 1160 sui
880 1119 1211 1172 composicione
1251 1119 1431 1159 easdem
1469 1124 1616 1172 partes
1654 1117 1835 1172 requirit
1856 1131 1894 1164 15

278 1202 352 1229 eas
389 1187 470 1229 sub
508 1187 674 1230 eisdem
712 1187 862 1242 figuris
896 1189 1239 1232 continuacione
1271 1194 1424 1229 tamen
1464 1187 1651 1241 adjecta,
1687 1193 1836 1241 partes

278 1259 394 1299 enim
425 1264 700 1312 componunt
731 1264 892 1311 totum,
915 1264 959 1299 et
987 1258 1029 1298 in
1063 1257 1159 1298 illas
1190 1257 1371 1302 easdem
1405 1258 1628 1306 dividitur,
1658 1263 1702 1298 et
1735 1257 1836 1298 ideo

278 1327 390 1369 sicut
417 1327 555 1371 divise
583 1333 684 1368 sunt
713 1327 775 1368 sic
796 1334 898 1368 sunt
924 1328 1185 1381 composite,
1206 1334 1250 1368 et
1273 1340 1297 1367 e
1321 1327 1555 1377 contrario,
1577 1333 1621 1368 et
1646 1326 1731 1367 hoc
1753 1325 1836 1366 sub

279 1397 436 1438 eadem
470 1395 738 1450 figuracione
768 1397 977 1438 continua
999 1397 1070 1438 vel
1102 1397 1324 1451 contigua.
1389 1397 1591 1438 Preterea
1616 1396 1698 1438 hec
1727 1409 1834 1438 con-

280 1467 461 1507 tinuitas
488 1480 575 1507 non
608 1466 741 1508 debet
772 1466 959 1522 intelligi
991 1467 1074 1507 nisi
1109 1467 1352 1508 secundum
1387 1466 1710 1515 rectitudinem,
1732 1465 1838 1520 quia
1858 1477 1899 1499 20

281 1536 502 1577 elementa
533 1535 699 1577 habent
731 1536 989 1577 naturaliter
1022 1543 1187 1578 rectam
1220 1535 1554 1577 inclinacionem
1589 1535 1632 1576 in
1666 1535 1763 1577 loco
1793 1540 1838 1576 et

284 1606 339 1646 ad
362 1605 524 1656 locum,
545 1612 589 1646 et
613 1605 711 1646 ideo
734 1606 814 1647 hec
832 1605 1111 1647 continuacio
1135 1605 1270 1647 debet
1292 1605 1575 1647 determinari
1592 1605 1838 1646 secundum

285 1675 509 1716 racionem
534 1674 673 1729 figure
696 1682 825 1716 recte.

344 1743 391 1785 Si
413 1744 587 1785 dicatur
607 1745 726 1798 quod
750 1745 784 1786 si
815 1745 1038 1787 dividatur
1060 1745 1102 1786 in
1129 1751 1276 1799 partes
1299 1744 1437 1800 figure
1465 1741 1471 1799 Ι
1499 1743 1748 1799 irregularis
1769 1743 1839 1785 vel

283 1814 470 1869 plurium
495 1813 813 1868 figuracionum
838 1815 1159 1869 irregularium,
1179 1821 1222 1856 et
1241 1815 1488 1857 adinvicem
1503 1819 1841 1868 componantur,
1861 1835 1901 1868 25

284 1897 370 1925 non
401 1883 483 1925 erit
509 1897 710 1935 vacuum,
745 1885 883 1926 immo
917 1884 999 1926 loci
1031 1885 1160 1940 plena
1194 1885 1412 1941 replecio:
1451 1884 1688 1926 dicendum
1720 1883 1840 1937 quod

285 1954 370 1995 hoc
387 1959 452 1994 est
465 1967 617 1995 verum
633 1955 875 1995 secundum
895 1968 1032 1995 unum
1051 1955 1186 1996 situm
1202 1961 1269 1996 set
1287 1968 1374 1996 non
1389 1954 1633 1996 secundum
1648 1966 1840 2002 ornnem,

288 2030 332 2064 et
364 2023 464 2065 ideo
496 2024 661 2065 debent
695 2023 858 2064 habere
888 2024 1019 2065 situm
1050 2030 1098 2065 ut
1129 2030 1226 2065 tota
1250 2023 1520 2078 possibilitas
1541 2022 1667 2063 vacui
1692 2020 1842 2063 exclu-

288 2094 429 2134 datur.
494 2092 594 2133 Hoc
627 2092 744 2132 enim
778 2093 918 2146 exigit
951 2093 1061 2134 ordo
1093 2099 1261 2143 nature,
1294 2092 1508 2146 quoniam
1542 2105 1622 2132 nec
1651 2103 1842 2132 vacuum

289 2175 368 2202 nec
396 2161 737 2214 possibilitatem
762 2162 817 2203 ad
841 2175 1029 2203 vacuum
1054 2162 1244 2216 requirit.
1301 2161 1361 2203 Et
1392 2161 1550 2202 iterum
1572 2160 1843 2215 composicio
1862 2179 1905 2212 30

288 2232 484 2285 parcium
526 2232 768 2272 secundum
815 2231 975 2285 figuras
1017 2231 1278 2286 irregulares
1320 2237 1387 2272 est
1429 2229 1610 2281 infinita,
1653 2236 1698 2271 et
1744 2229 1843 2270 ideo

290 2300 574 2341 accidentalis
616 2314 694 2354 per
735 2300 1030 2342 Aristotelem
1074 2307 1205 2343 sexto
1232 2299 1577 2353 -Metlzaplzisice,
1620 2299 1695 2353 qui
1737 2298 1843 2340 dicit

333 2437 376 2467 32
400 2427 700 2469 Methaphisiee]
718 2428 765 2459 vi.
784 2437 814 2467 5.

339 2542 353 2562 1
380 2532 606 2574 continuitas]
625 2533 822 2565 concavitas
841 2532 882 2563 M
968 2543 988 2572 3
1013 2532 1066 2564 vel
1085 2533 1279 2564 concavitas
1296 2533 1361 2563 hoc
1373 2535 1452 2573 post
1470 2530 1692 2563 continuacio
1709 2531 1772 2563 ins.
1794 2530 1843 2571 M,

293 2596 359 2616 om.
381 2585 412 2616 O
526 2586 546 2615 8
569 2585 760 2626 replerent]
779 2585 915 2625 replent
934 2585 964 2617 Ο
1093 2596 1129 2616 11
1157 2585 1260 2627 quas]
1278 2596 1343 2625 que
1364 2585 1395 2615 Ο
1517 2593 1555 2622 14
1581 2583 1846 2625 necessitatem]

295 2637 506 2669 accidentem
524 2637 566 2667 M
696 2646 734 2676 15
760 2637 887 2678 divisa]
904 2638 1051 2669 indivisa
1071 2637 1102 2668 O
1242 2638 1282 2668 16
1298 2642 1411 2667 tamen
1430 2647 1498 2667 om.
1518 2635 1560 2666 M
1695 2645 1732 2675 17
1754 2635 1848 2676 illas]

294 2690 424 2730 aliquas
443 2690 474 2721 Ο
589 2699 628 2730 19
652 2689 876 2731 continuitas]
894 2690 1100 2730 contiguitas
1116 2688 1158 2719 M
1304 2699 1343 2728 24
1368 2688 1421 2720 vel
1439 2699 1506 2719 om.
1528 2687 1569 2718 M
1679 2698 1722 2728 29
1744 2687 1846 2729 ordo]

295 2742 348 2773 vis
368 2741 399 2771 O
532 2751 574 2781 32
598 2741 673 2782 qui]
691 2742 770 2781 quia
790 2741 822 2772 Ο
