1945 3079
78 185 226 218 O.21a.

90 1790 152 1821 104
169 1792 188 1812 a
207 1789 234 1811 2.

86 2265 126 2295 O.
149 2272 183 2294 21
204 2263 237 2294 b.

988 58 1071 112 358

250 174 456 217 elementi
488 173 675 227 figuram
706 178 882 213 rectam.
948 173 1067 214 Nam
1094 172 1237 214 omnis
1264 172 1269 227 Ι
1299 171 1437 227 figura
1463 173 1522 213 sic
1545 171 1715 226 replens
1738 177 1805 214 est

250 251 368 285 recta
391 250 434 284 et
464 243 575 284 hanc
598 241 788 295 figuram
822 241 865 282 in
889 242 1090 295 partibus
1117 241 1396 283 interioribus
1427 255 1602 295 semper
1633 241 1804 292 retinet,

248 320 314 354 set
358 313 400 352 in
445 311 740 353 exterioribus
784 317 982 352 mutatur
1022 316 1205 366 propter
1244 316 1333 353 tres
1371 325 1534 353 causas.
1599 311 1702 353 Una
1738 317 1805 351 est

250 388 431 437 propter
454 381 537 423 hoc
561 387 609 422 ut
632 380 871 422 secundum
895 386 1068 421 motum
1089 386 1204 421 terre
1221 380 1466 422 secundum
1490 393 1668 436 omnem
1692 381 1802 433 dya-

252 457 442 492 metrum
471 457 513 492 et
544 450 739 504 parcium
770 449 863 503 ejus
891 449 926 490 si
959 449 1166 503 aptitudo
1196 450 1253 490 ad
1286 455 1457 490 motum
1487 450 1805 503 produceretur
1826 463 1845 496 5

249 521 304 562 ad
328 527 475 561 actum
499 533 578 574 per
601 519 812 559 virtutem
836 518 1110 571 corporalem
1127 517 1195 559 vel
1213 517 1489 572 spiritualem
1512 531 1642 559 cause
1663 518 1805 572 prime

249 589 319 630 vel
355 588 659 643 intelligencie‚
698 587 962 629 excludatur
1005 586 1319 641 inpossibilitas
1360 587 1417 628 ad
1452 600 1688 636 vacuum„
1743 586 1806 628 Et

248 660 441 701 secunda
473 672 604 700 causa
636 663 702 698 est
731 663 913 710 propter
945 656 1135 711 figuram
1162 656 1228 698 sui
1257 656 1341 698 loci
1371 657 1445 709 qui
1470 662 1537 698 est
1564 670 1681 711 aqua
1701 670 1803 698 con-

248 742 367 770 cava.
414 728 474 769 Et
491 728 624 769 tercia
639 733 705 768 est
720 726 939 769 rectitudo
956 725 1094 780 figure
1113 725 1325 780 cujusque
1342 727 1479 780 partis
1494 732 1620 775 terre,
1639 731 1683 767 et
1698 725 1808 767 situs
1840 756 1847 762 .

251 804 395 839 rectus
418 804 461 838 et
484 796 716 838 inclinacio
740 801 879 838 recta:
915 809 1018 837 nam
1043 795 1125 837 iste
1148 802 1296 850 partes
1326 803 1427 838 octo
1450 801 1615 836 rectam
1638 794 1803 837 habent
1830 807 1869 831 10

252 867 440 921 figuram
469 873 512 908 et
546 872 714 907 rectum
745 866 878 907 situm
908 866 1021 906 inter
1046 865 1258 907 terminos
1283 864 1366 906 loci
1397 871 1441 906 et
1472 864 1806 906 inclinacionem

253 943 416 978 rectam
440 936 552 976 inter
573 949 661 977 eos.
725 936 784 976 Et
801 941 975 977 constat
992 941 1175 989 propter
1192 935 1408 975 unitatem
1428 940 1583 975 nature
1599 932 1804 988 specifice

253 1006 296 1046 in
328 1006 400 1052 eis,
429 1005 548 1058 quod
582 1005 674 1059 ipse
707 1004 875 1045 habent
907 1004 1171 1059 gravitatem
1204 1003 1423 1058 equalem,
1456 1009 1500 1044 et
1532 1004 1632 1044 ideo
1665 1003 1808 1056 requi-

252 1080 405 1117 runtur
441 1074 621 1127 equales
656 1073 967 1115 inclinaciones
1007 1073 1119 1114 inter
1156 1073 1371 1115 terminos
1408 1073 1475 1113 sui
1512 1072 1612 1122 loci,
1647 1079 1691 1115 et
1729 1086 1807 1126 per

254 1158 530 1199 consequens
551 1143 730 1198 equales
753 1144 967 1186 distancie
996 1144 1109 1185 inter
1136 1157 1222 1185 eos.
1286 1143 1574 1198 Quapropter
1594 1157 1621 1184 a
1643 1148 1809 1197 puncto
1831 1158 1870 1191 15

251 1215 395 1256 medio
426 1215 538 1256 circa
569 1227 701 1268 quem
735 1220 1010 1264 concurrunt,
1041 1219 1207 1254 exeunt
1233 1213 1567 1266 semidyametri
1600 1213 1794 1265 undique

251 1283 429 1337 equales
449 1283 692 1324 secundum
711 1295 865 1324 omnes
883 1281 1159 1323 differencias
1176 1282 1424 1335 posicionis‚
1443 1287 1487 1323 et
1510 1282 1609 1323 ideo
1631 1294 1809 1323 necesse

251 1359 318 1393 est
347 1353 467 1406 quod
489 1352 781 1393 terminentur
812 1351 869 1392 ad
893 1350 1170 1404 superficiem
1198 1363 1324 1404 spere
1346 1364 1586 1392 concavam
1610 1351 1792 1392 interius

253 1429 297 1463 et
329 1435 575 1463 convexam
609 1421 820 1472 exterius,
852 1421 954 1475 quia
992 1420 1112 1461 nulla
1148 1420 1235 1460 alia
1270 1419 1411 1473 figura
1448 1420 1686 1474 respondet
1722 1419 1806 1460 illis

257 1491 613 1545 semidyametris
655 1489 898 1543 equalibus,
941 1496 990 1531 ut
1033 1488 1214 1542 planum
1256 1494 1336 1530 est.
1420 1489 1705 1543 Quapropter
1752 1489 1872 1531 adzo

256 1561 510 1614 hujusmodi
529 1559 715 1613 figuram
741 1566 904 1601 rectam
923 1560 1120 1614 parcium
1138 1565 1254 1600 terre
1274 1559 1472 1613 sequitur
1493 1559 1635 1600 tocius
1659 1572 1808 1600 earum

256 1631 451 1671 exterior
472 1629 684 1684 figuracio
706 1629 889 1683 sperica.

317 1700 376 1741 Et
419 1712 507 1740 non
550 1698 694 1740 solum
737 1705 804 1739 est
845 1698 930 1740 hoc
973 1699 1033 1739 sic
1076 1698 1456 1749 considerandum,
1498 1704 1565 1741 set
1609 1699 1809 1753 quelibet

255 1771 434 1811 istarum
472 1769 669 1823 parcium
707 1774 808 1810 octo
845 1768 982 1810 habet
1016 1775 1103 1810 tres
1140 1769 1301 1822 gradus
1328 1766 1335 1823 Ι
1363 1769 1405 1809 in
1438 1781 1519 1809 suo
1553 1768 1638 1810 situ
1674 1775 1809 1810 recto.

255 1840 373 1880 Nam
404 1845 551 1892 partes
585 1838 726 1892 magis
749 1838 890 1879 vicine
923 1852 1037 1892 aque
1066 1844 1169 1879 sunt
1199 1838 1343 1880 minus
1370 1851 1541 1891 graves,
1560 1838 1665 1891 quia
1694 1851 1808 1892 aqua
1831 1851 1872 1884 25

256 1915 322 1950 est
345 1908 490 1962 gravis
512 1908 554 1948 in
578 1914 778 1961 respectu
803 1913 846 1949 et
868 1921 957 1948 non
984 1907 1198 1961 absolute,
1221 1913 1264 1949 et
1283 1914 1430 1961 partes
1453 1908 1644 1949 secunde
1667 1907 1809 1961 magis

256 1985 358 2020 sunt
391 1992 556 2032 graves,
586 1985 630 2019 et
662 1985 811 2031 partes
844 1977 994 2018 infime
1029 1992 1169 2032 prope
1191 1985 1390 2019 centrum
1413 1984 1517 2019 sunt
1538 1977 1810 2032 gravissime.

258 2048 482 2102 Quoniam
515 2047 645 2102 igitur
677 2054 822 2101 partes
854 2061 942 2101 que
974 2055 1075 2088 sunt
1106 2048 1246 2088 vicine
1277 2061 1391 2101 aque
1423 2047 1464 2087 in
1496 2047 1680 2101 singulis
1709 2054 1811 2090 octo

258 2118 458 2171 partibus
490 2117 806 2171 principalibus
838 2123 940 2158 sunt
972 2117 1171 2171 ejusdem
1203 2117 1433 2171 gravitatis
1465 2123 1646 2171 propter
1676 2118 1810 2158 situm

255 2186 528 2228 consimilem
545 2203 552 2228 :
587 2200 764 2228 necesse
783 2193 849 2227 est
865 2187 985 2241 quod
1006 2186 1221 2242 equaliter
1239 2193 1548 2228 removeantur
1564 2200 1590 2227 a
1608 2187 1808 2240 partibus
1831 2199 1873 2231 30

257 2255 539 2310 gravissimis,
577 2263 620 2297 et
659 2256 873 2309 equaliter
915 2256 1277 2310 appropinquent
1320 2253 1325 2310 Ι
1365 2255 1551 2296 termino
1593 2256 1659 2296 sui
1701 2256 1811 2298 situs

258 2339 283 2365 a
301 2331 426 2378 parte
443 2325 664 2365 exteriori.
717 2324 1004 2379 Quapropter
1020 2325 1261 2366 secundum
1280 2324 1418 2365 lineas
1440 2323 1619 2378 equales
1642 2324 1809 2366 distant

258 2393 315 2434 ab
344 2407 433 2434 uno
465 2395 653 2435 termino
683 2394 791 2435 situs
816 2394 978 2445 totalis,
1001 2393 1247 2447 cujusmodi
1270 2400 1336 2434 est
1366 2399 1556 2446 punctus
1581 2394 1624 2433 in
1652 2394 1810 2446 medio,

258 2471 302 2504 et
352 2464 717 2517 appropinquant
761 2463 886 2504 alteri
930 2463 1122 2504 termino
1163 2476 1313 2504 versus
1356 2476 1517 2516 aquam
1560 2463 1805 2504 secundum

303 2571 323 2600 3
348 2564 401 2591 est
418 2571 485 2591 om.
504 2559 546 2590 M
676 2570 696 2600 5
722 2559 987 2601 produceretur]
1003 2559 1214 2599 producetur
1231 2557 1273 2588 M
1415 2569 1432 2598 7
1457 2558 1678 2600 excludatur]
1696 2559 1813 2592 exclu-

257 2613 358 2643 detur
377 2611 408 2643 Ο
497 2611 759 2652 inpossibilitas]
776 2611 985 2652 possibilitas
998 2610 1028 2641 Ο
1096 2622 1117 2651 9
1134 2610 1314 2651 cujusque]
1332 2610 1405 2650 ejus
1417 2616 1450 2641 et
1464 2611 1506 2641 M
1584 2602 1692 2653 10⁴et]
1708 2612 1815 2643 estM

261 2665 300 2695 16
322 2664 595 2706 semidyametri]
632 2664 801 2704 dyametri
830 2663 872 2694 M
984 2673 1024 2702 24
1051 2668 1146 2694 recto
1179 2673 1246 2695 om.
1281 2662 1324 2693 M
1426 2673 1469 2693 22
1493 2663 1645 2694 exterior
1673 2674 1741 2695 om.
1772 2663 1814 2694 M

260 2717 302 2746 28
326 2716 495 2755 Quoniam
513 2716 632 2757 igitur]
652 2717 742 2756 Ergo
762 2715 793 2746 Ο
862 2715 995 2757 partes]
1013 2720 1130 2756 partes
1147 2719 1303 2746 extreme
1323 2714 1354 2746 Ο
1481 2725 1525 2754 3ο
1550 2715 1808 2757 removeantur]

261 2774 461 2799 moveantur
477 2769 507 2799 Ο
639 2779 681 2808 34
706 2767 997 2809 appropinquant]
1014 2767 1297 2807 appropinquunt
1319 2766 1349 2797 Ο
