1945 3079
153 1804 280 1839 97a2.

1053 88 1135 131 332

312 209 476 244 corum,
491 200 761 249 quapropter
776 193 1116 236 contrariabitur
1132 193 1205 233 alii
1219 193 1378 247 speciei
1395 207 1618 247 coequeve
1628 205 1637 243 ;
1660 206 1765 247 ergo
1780 193 1864 235 hoc
1901 183 1905 186 Δ

312 265 393 305 erit
425 269 602 304 sextum
637 277 810 318 corpus.
888 263 1139 304 Dicendum
1171 269 1239 304 est
1272 263 1392 317 quod
1433 263 1544 304 inter
1576 264 1744 317 species
1780 264 1862 305 sub

309 347 470 389 genere
486 341 551 375 est
566 334 756 388 quedam
781 333 900 387 larga
922 333 1223 386 contrarietas,
1240 346 1375 387 quare
1398 333 1441 373 in
1465 333 1585 373 omni
1607 346 1772 387 genere
1791 338 1858 374 est

311 404 502 456 quedam
556 403 845 446 contrarietas
896 403 1048 458 prima,
1091 403 1203 444 sicut
1255 403 1363 443 dicit
1403 401 1674 443 Aristoteles
1715 402 1861 456 primo

282 472 587 514 -Plzisicomtm
614 481 659 515 et
687 473 693 528 Ι
719 479 772 514 x⁰
799 473 1137 528 Methaplcz'sice3
1175 473 1229 513 de
1250 486 1337 526 qua
1362 471 1468 512 dicit
1497 471 1538 512 in
1562 471 1719 512 eodem
1742 472 1860 526 quod
1881 489 1898 522 5

310 543 527 585 contraria
550 549 651 585 sunt
667 558 754 598 que
775 544 919 597 posita
934 544 976 583 in
995 543 1153 584 eodem
1171 555 1331 595 genere
1354 541 1547 581 maxime
1569 555 1595 582 a
1610 538 1657 581 se
1677 540 1861 593 distant,

309 619 354 654 et
376 612 599 667 specificat
626 614 682 655 de
708 615 940 668 speciebus
969 613 1049 654 sub
1077 613 1152 654 illo
1179 625 1364 667 genere3
1401 619 1445 654 et
1467 602 1550 653 hec
1572 611 1859 654 contrarietas

310 683 423 725 bene
445 691 594 738 potest
617 698 712 726 esse
733 685 845 724 inter
865 684 1007 725 celum
1039 689 1082 724 et
1109 682 1289 737 aliquod
1321 682 1604 724 elementum.
1669 681 1748 723 Set
1770 694 1857 722 non

309 760 376 794 est
397 760 574 795 sextum
597 768 768 808 corpus,
785 760 851 795 set
872 760 938 794 est
961 753 1246 803 elementum,
1264 753 1369 807 quia
1391 766 1550 807 corpus
1573 752 1786 793 dividitur
1808 752 1852 792 in

308 823 451 864 celum
471 830 514 865 et
529 824 810 874 elementum,
828 829 872 864 et
888 824 944 865 ad
959 822 1226 864 elementum
1242 822 1463 863 reducitur
1485 822 1677 863 mixtum
1696 835 1754 862 ex
1769 821 1856 862 ele-
1879 836 1919 859 10

307 893 478 935 mentis,
519 894 580 935 Et
595 894 674 934 hec
691 893 978 934 contrarietas
996 905 1085 933 non
1101 898 1168 933 est
1183 892 1263 932 nisi
1281 892 1525 946 specierum
1545 891 1855 946 oppositarum

304 964 388 1004 sub
397 964 553 1004 eodem
571 977 731 1016 genere
745 964 1042 1013 diversitas,et
1051 968 1117 1004 est
1132 963 1254 1016 largo
1270 963 1405 1003 modo
1420 962 1717 1003 contrarietas.
1749 960 1858 1001 Alia

304 1038 371 1073 est
394 1034 682 1074 contrarietas
705 1033 882 1087 proprie
903 1038 947 1074 et
970 1034 1120 1074 stricte
1149 1038 1330 1086 sumpta
1360 1046 1446 1085 que
1476 1032 1643 1073 inducit
1673 1044 1854 1085 genera-

302 1103 473 1143 cionem
503 1109 546 1143 et
576 1103 908 1156 corrupcionem
939 1103 1052 1145 inter
1084 1103 1313 1152 contraria,
1338 1108 1384 1142 ut
1414 1108 1519 1143 nata
1541 1102 1628 1142 sint
1649 1102 1851 1159 generari

302 1186 359 1213 ex
381 1185 426 1212 se
449 1172 651 1224 invicem,
673 1173 785 1214 sicut
808 1173 921 1226 ignis
943 1178 1058 1213 terra
1080 1179 1123 1214 et
1139 1171 1371 1226 quodlibet
1387 1171 1657 1214 elementum
1676 1185 1733 1212 ex
1751 1172 1853 1214 alio.
1876 1184 1914 1219 15

303 1241 385 1283 Set
406 1242 467 1282 sic
491 1255 579 1283 non
602 1242 738 1283 habet
767 1242 909 1283 celum
939 1243 1203 1284 contrarium
1233 1256 1312 1284 nec
1345 1242 1626 1291 elementum,
1649 1255 1728 1284 nec
1753 1256 1853 1282 sex-

302 1318 398 1352 tum
420 1325 589 1365 coerS,
613 1312 716 1365 quia
740 1312 1039 1365 ingenerabile
1062 1319 1128 1353 est
1151 1319 1195 1354 et
1218 1304 1564 1366 incorruptibile.

362 1381 410 1423 Si
444 1395 548 1422 vero
584 1382 757 1423 dicatur
787 1381 908 1435 quod
941 1383 1082 1423 motui
1124 1389 1245 1423 recto
1287 1387 1353 1423 est
1389 1382 1553 1435 aliquid
1586 1382 1852 1424 contrarium

303 1465 406 1492 vera
447 1453 759 1494 contrarietate
798 1451 988 1493 naturali
1029 1458 1073 1492 et
1121 1466 1207 1494 non
1249 1452 1462 1501 circulari,
1505 1467 1610 1506 ergo
1651 1453 1852 1494 similiter

303 1518 442 1559 motui
464 1519 661 1560 circulari
685 1520 766 1560 erit
795 1519 961 1573 aliquid
983 1520 1249 1561 contrarium
1273 1533 1410 1573 quare
1433 1519 1604 1573 corpori
1629 1520 1752 1573 cujus
1774 1525 1842 1561 est
1874 1535 1914 1556 20

300 1587 400 1628 talis
423 1595 570 1630 motus
593 1588 759 1642 aliquid
785 1589 1130 1637 contrariabitur‚
1153 1589 1272 1642 quod
1302 1602 1390 1630 non
1417 1589 1500 1630 erit
1526 1595 1708 1639 rectum,
1737 1602 1843 1641 ergo

298 1657 433 1708 aliud,
455 1658 579 1710 quasi
602 1665 794 1710 sextum,
815 1673 974 1714 corpus
997 1659 1078 1699 erit
1099 1659 1156 1700 ab
1182 1659 1290 1701 istis.
1347 1657 1426 1700 Set
1448 1659 1531 1700 hoc
1554 1658 1740 1700 solvitur
1763 1672 1842 1712 per

300 1727 623 1768 contrarietatis
650 1728 1056 1770 consideracionem
1079 1743 1134 1769 an
1154 1729 1294 1783 possit
1317 1742 1411 1769 esse
1430 1729 1472 1769 in
1498 1735 1620 1769 motu
1639 1728 1851 1779 circulari,

299 1802 342 1836 et
372 1796 486 1837 hanc
514 1797 918 1839 consideracionem
950 1796 955 1853 Ι
983 1798 1160 1839 induxit
1187 1797 1469 1848 Aristoteles,
1496 1804 1544 1839 ut
1574 1797 1670 1839 vult
1706 1797 1848 1839 Aver-

298 1879 419 1918 royS‚
433 1873 480 1907 ut
495 1866 751 1908 excluderet
766 1874 945 1909 sextum
964 1882 1134 1922 corpus.
1174 1868 1290 1909 Dico
1309 1869 1440 1922 igitur
1456 1869 1576 1922 quod
1600 1875 1748 1910 motus
1768 1869 1848 1911 cir·
1870 1882 1909 1916 ²5

297 1935 455 1977 cularis
472 1950 559 1977 non
584 1942 731 1991 potest
748 1952 843 1979 esse
858 1939 1101 1980 contrarius
1119 1945 1252 1990 recto,
1274 1939 1377 1993 quia
1397 1944 1540 1980 rectus
1555 1938 1849 1980 contrariatur

297 2011 442 2046 recto:
475 2012 541 2046 set
572 2012 722 2047 tamen
745 2014 847 2048 sunt
870 2008 960 2048 duo
984 2009 1203 2049 contraria
1227 2021 1314 2048 una
1344 2008 1665 2051 contrarietate.
1731 2008 1845 2050 Item

296 2080 437 2115 rectus
456 2082 522 2115 est
540 2076 595 2116 ad
613 2076 806 2116 medium
822 2083 864 2117 et
880 2090 905 2117 a
922 2077 1079 2126 medio,
1094 2084 1161 2118 set
1178 2077 1399 2118 circularis
1416 2084 1482 2118 est
1500 2078 1614 2120 circa
1637 2079 1846 2130 medium,

294 2157 381 2196 que
412 2144 642 2185 inclinacio
675 2159 761 2186 non
798 2151 864 2186 est
897 2147 1114 2186 contraria
1145 2146 1270 2188 alteri
1306 2146 1537 2197 dictarum,
1571 2154 1639 2188 set
1671 2148 1843 2190 diversa

295 2219 480 2254 tantum.
546 2213 627 2255 Illa
651 2215 766 2255 enim
791 2229 876 2268 que
898 2222 964 2256 est
987 2216 1262 2257 admedium
1287 2216 1577 2280 contrariatur
1601 2217 1638 2259 ei
1661 2218 1844 2259 omnino
1864 2229 1907 2260 30

335 2357 355 2386 5
380 2349 632 2391 Phisicorum]
651 2351 672 2381 i.
689 2352 742 2390 56.
792 2352 1084 2395 Methaphisiee]
1104 2363 1134 2384 x.
1157 2362 1206 2392 15.
1232 2335 1237 2339 ’
1326 2363 1368 2392 24
1393 2352 1431 2383 de
1455 2353 1529 2384 Celo
1551 2358 1581 2385 et
1603 2353 1736 2386 Mundo
1760 2355 1780 2386 i.
1797 2364 1839 2394 23

292 2410 413 2431 colum.

335 2529 366 2558 3,
385 2530 404 2558 4
429 2531 535 2559 quare
553 2545 560 2552 .
579 2545 586 2553 .
607 2547 613 2553 .
633 2523 859 2553 contrarietas
876 2533 941 2554 om.
962 2523 1004 2553 M
1134 2525 1155 2554 6
1179 2524 1230 2565 in]
1248 2524 1311 2555 sub
1331 2524 1362 2554 O
1518 2536 1535 2565 7
1560 2527 1754 2569 specificat]
1774 2539 1833 2560 ex-

294 2572 477 2611 emplificat
497 2571 527 2602 O
679 2575 700 2603 8
724 2574 814 2604 inter
829 2585 895 2605 om.
913 2575 955 2605 M
1045 2576 1250 2607 elementum
1269 2587 1335 2608 om.
1358 2576 1389 2608 Ο
1549 2588 1586 2608 12
1610 2580 1674 2611 sub
1692 2580 1832 2622 eodem]

291 2623 401 2654 simile
418 2625 451 2654 in
468 2625 590 2656 eodem
611 2624 641 2655 O
775 2627 957 2658 diversitas
974 2639 1042 2660 om.
1066 2627 1096 2658 O
1335 2640 1374 2669 19
1398 2630 1571 2671 circulari]
1590 2631 1765 2664 circularis
1781 2638 1835 2664 set

289 2676 411 2715 aliquis
430 2682 544 2708 rectus
561 2683 654 2708 recto
675 2677 705 2709 O
875 2690 918 2710 20
943 2680 1064 2722 quare]
1083 2681 1178 2720 quasi
1197 2680 1239 2711 M
1411 2693 1448 2713 21
1477 2684 1624 2725 rectum]
1642 2689 1780 2715 sextum
1797 2683 1841 2715 M

288 2737 331 2758 22
355 2729 468 2770 quasi]
487 2740 591 2768 quare
610 2729 640 2760 Ο
760 2741 801 2771 23
827 2732 937 2774 motu]
955 2735 1058 2764 motui
1077 2733 1108 2764 O
1229 2735 1271 2765 28
1296 2735 1346 2776 et]
1364 2735 1416 2766 vel
1436 2735 1466 2766 Ο
1586 2746 1628 2776 29
1652 2736 1838 2778 dictarum]

288 2779 453 2811 dictorum
474 2781 504 2812 O

1930 2691 1935 2719 1

1929 2747 1936 2787 ς
