1945 3079
123 1293 183 1323 103
201 1293 222 1323 b
242 1301 270 1324 2.

122 1637 165 1668 O.
186 1643 227 1675 30
240 1635 273 1666 b.

1008 49 1092 105 376

278 170 543 227 quibusdam
582 167 677 209 aliis
718 164 958 208 individuis
1000 163 1217 217 solitariis,
1254 170 1303 206 ut
1345 164 1389 205 in
1426 163 1519 205 sole
1556 169 1600 205 et
1641 162 1743 205 luna
1780 168 1825 204 et

278 240 461 296 phenice
485 244 529 280 et
555 236 705 279 multis
727 234 832 277 aliis.

339 309 417 351 Set
445 307 525 349 hec
551 305 719 348 solucio
746 303 989 346 secundum
1015 317 1062 344 se
1090 315 1178 343 non
1204 301 1377 353 sufficit,
1400 301 1501 355 quia
1532 301 1701 355 indiget
1727 314 1827 355 pro-

280 377 466 419 bacione
482 390 492 428 ;
525 374 647 430 cujus
664 372 873 429 probacio
891 378 957 414 est
975 385 1053 426 per
1070 371 1267 412 raciones
1289 371 1405 425 prius
1420 370 1572 412 dictas.
1650 370 1768 411 Nam
1794 369 1829 411 si

281 446 365 488 alia
397 444 582 486 materia
613 447 852 498 poneretur
882 447 926 483 et
959 440 1078 483 aliud
1111 439 1401 492 individuum,
1432 438 1738 492 contingerent
1768 438 1830 479 in·
1851 459 1868 492 5

282 515 512 570 possibilia
546 514 758 568 predicta,
793 517 838 553 et
875 511 975 553 ideo
1012 524 1100 552 non
1141 516 1208 552 est
1251 509 1435 551 materia
1471 514 1576 563 apta
1612 509 1681 550 ad·
1711 507 1831 550 aliud

281 585 569 627 individuum.
1439 593 1444 595 ·
1670 622 1675 625 ,

342 655 424 697 Set
455 655 512 695 ad
544 653 627 694 hoc
658 652 887 694 obiciatur.
951 650 1069 692 Nam
1102 655 1179 692 aut
1211 655 1278 691 est
1310 647 1518 704 aptitudo
1546 647 1757 690 naturalis
1789 647 1832 688 in

283 725 429 780 specie
462 731 511 765 ut
543 722 684 777 possit
713 735 808 763 esse
837 722 879 762 in
909 721 1107 775 pluribus
1130 725 1174 761 et
1203 718 1416 774 predicari
1444 719 1500 760 de
1526 717 1736 773 pluribus,
1758 722 1836 759 aut

285 809 397 837 non.·
466 793 514 835 Si
545 806 646 840 non,
678 798 785 833 tunc
816 804 903 831 non
936 795 1050 831 esset
1083 788 1329 830 universale
1361 800 1441 830 nec
1472 788 1640 843 species
1672 793 1739 829 set
1772 787 1835 828 in-

284 863 529 913 dividuum,
552 861 671 916 quod
701 866 768 901 est
797 859 1111 901 inconveniens
1132 875 1140 900 :
1174 858 1209 899 si
1231 858 1304 908 sic,
1327 864 1433 900 tunc
1456 857 1538 898 erit
1564 856 1770 912 aptitudo
1792 860 1836 897 et

285 932 491 988 potencia
519 938 676 973 nature
704 929 864 971 ociosa.
929 929 990 970 Et
1022 928 1278 978 dicendum,
1298 928 1419 980 quod
1446 926 1652 981 aptitudo
1677 924 1836 979 speciei

287 1008 365 1053 est,
399 1007 465 1042 set
497 1014 584 1041 non
618 1005 733 1041 recte
765 998 971 1052 potencia
1003 997 1060 1038 ad
1091 1002 1240 1038 actum
1272 995 1463 1050 plurium
1502 995 1836 1045 individuorum,

285 1072 529 1114 secundum
559 1069 679 1123 quod
713 1067 916 1122 potencia
948 1066 1161 1108 dividitur
1192 1072 1345 1107 contra
1377 1065 1688 1119 aptitudinem,
1713 1071 1763 1106 ut
1794 1064 1838 1105 in

286 1140 434 1183 catulo
451 1145 556 1181 ante
573 1151 739 1179 nonum
757 1137 875 1178 diem
894 1136 1098 1191 aptitudo
1114 1141 1179 1176 est
1197 1135 1253 1176 ad
1271 1135 1413 1176 visum
1430 1141 1496 1176 set
1513 1147 1601 1176 non
1619 1133 1840 1188 potencia,

288 1219 333 1253 et
371 1211 413 1251 in
449 1223 552 1251 ceco
590 1213 657 1249 est
693 1206 899 1261 aptitudo
936 1213 1001 1247 set
1038 1219 1127 1246 non
1166 1205 1369 1259 potencia
1406 1205 1583 1258 proprie
1620 1204 1839 1245 sumendo

289 1279 554 1335 potenciam,
571 1277 675 1319 licet
692 1275 932 1329 aliquando
948 1272 953 1331 1
970 1288 1198 1316 sumamus
1219 1274 1470 1328 potenciam
1484 1279 1529 1315 et
1543 1273 1840 1327 aptitudinem

289 1364 370 1405 pro
400 1348 572 1390 eodem.
634 1346 749 1386 Dico
781 1351 932 1387 tamen
965 1344 1086 1398 quod
1119 1343 1200 1385 hec
1232 1344 1437 1397 aptitudo
1470 1356 1558 1384 non
1592 1349 1658 1384 est
1694 1342 1842 1385 ociosa

289 1432 370 1460 nec
402 1417 562 1458 frustra
593 1421 774 1469 propter
805 1413 905 1454 duo.
971 1413 1122 1454 Unum
1156 1418 1222 1453 est
1254 1413 1358 1466 quia
1389 1425 1478 1453 non
1510 1419 1578 1454 est
1610 1411 1747 1453 libera
1775 1417 1842 1452 set

292 1486 504 1541 impedita
526 1489 709 1539 propter
731 1482 954 1524 defectum
978 1482 1161 1524 materie
1183 1480 1404 1535 possibilis
1428 1482 1485 1522 ad
1511 1480 1623 1523 hanc
1654 1479 1841 1521 formam

292 1556 360 1598 vel
379 1555 582 1609 speciem,
599 1553 717 1594 unde
735 1558 801 1594 est
819 1551 1014 1592 defectus
1032 1565 1057 1592 a
1079 1557 1205 1606 parte
1223 1550 1383 1605 speciei
1407 1550 1556 1604 ipsius,
1573 1556 1617 1591 et
1638 1548 1843 1603 aptitudo

296 1624 494 1679 inpedita
530 1636 607 1677 per
642 1618 975 1675 extrinsecum}
1006 1633 1094 1661 non
1132 1625 1198 1661 est
1233 1621 1393 1661 frustra
1427 1633 1506 1660 nec
1541 1618 1701 1660 ociosa.
1764 1617 1844 1660 Set

295 1694 475 1748 quando
498 1699 565 1734 est
586 1691 725 1733 libera
747 1690 990 1731 secundum
1011 1703 1057 1731 se
1079 1695 1122 1730 et
1145 1702 1233 1731 non
1249 1689 1372 1730 vadit
1395 1688 1439 1728 in
1461 1694 1610 1730 actum
1633 1701 1733 1729 cum
1755 1700 1842 1729 non

293 1764 420 1805 fuerit
444 1762 654 1817 inpedita,
679 1767 726 1802 ut
750 1760 906 1814 aliquis
936 1759 1103 1800 vadens
1127 1759 1183 1799 ad
1207 1758 1354 1799 locum
1383 1771 1464 1812 pro
1487 1757 1671 1812 negocio
1695 1757 1730 1798 si
1757 1769 1845 1798 non

294 1832 546 1886 impeditur,
580 1837 648 1872 set
680 1830 877 1884 negligit,
911 1828 1072 1870 frustra
1105 1827 1184 1869 ivit
1216 1828 1320 1881 quia
1354 1827 1397 1868 in
1429 1841 1483 1868 eo
1516 1827 1736 1868 remansit.
1798 1825 1846 1868 Si

296 1909 445 1944 autem
469 1901 650 1955 recipiat
673 1899 1039 1954 inpedimentum,
1062 1911 1149 1939 non
1174 1897 1360 1938 dicimus
1382 1897 1505 1950 quod
1528 1896 1687 1938 frustra
1710 1895 1847 1946 iverit,

297 1971 401 2025 quia
430 1971 472 2011 in
504 1984 555 2011 eo
585 1982 672 2010 non
701 1968 922 2010 remansit.
987 1966 1199 2009 Similiter
1225 1966 1410 2008 dicimus
1436 1965 1505 2007 hic
1532 1966 1652 2019 quod
1675 1979 1701 2006 a
1722 1971 1848 2020 parte

298 2041 457 2094 speciei
481 2053 568 2080 non
593 2045 658 2080 est
679 2037 875 2080 defectus
897 2050 975 2078 nec
995 2035 1347 2090 inpedimentum
1367 2042 1434 2076 set
1457 2034 1648 2086 alterius,
1670 2033 1850 2086 scilicet,

298 2124 324 2150 a
346 2115 471 2163 parte
494 2109 676 2150 materie
701 2113 744 2149 et
771 2105 994 2148 individui.

360 2179 475 2220 Item
510 2179 594 2220 ista
625 2177 831 2232 aptitudo
860 2189 948 2217 non
979 2181 1044 2216 est
1074 2175 1224 2217 ociosa
1253 2174 1359 2228 quia
1387 2186 1464 2229 per
1487 2187 1584 2215 eam
1608 2172 1658 2215 fit
1679 2172 1849 2228 species

301 2248 344 2288 in
377 2247 551 2290 racione
579 2245 838 2288 universalis
864 2251 908 2286 et
934 2245 990 2286 ad
1019 2236 1136 2286 hunc
1159 2243 1292 2285 finem
1317 2243 1461 2297 primo
1483 2249 1526 2284 et
1551 2255 1629 2297 per
1657 2256 1704 2284 se
1732 2241 1849 2284 ordi-

301 2324 430 2358 natur
462 2317 666 2370 aptitudo
697 2316 789 2366 hec,
811 2321 857 2356 et
888 2313 1146 2356 secundario
1179 2313 1409 2355 ordinatur
1441 2312 1497 2353 ad
1531 2311 1849 2365 perfeccionem

300 2385 512 2427 individui
545 2386 587 2426 in
617 2398 706 2438 quo
736 2389 814 2434 est,
836 2383 973 2424 tercio
1001 2383 1230 2424 ordinatur
1254 2382 1311 2423 ad
1338 2381 1699 2423 convenienciam
1723 2380 1850 2421 unius

302 2468 401 2495 cum
435 2453 533 2495 alio.
598 2453 751 2494 Habet
782 2451 917 2506 igitur
948 2452 1059 2492 duas
1088 2465 1244 2492 causas
1270 2456 1452 2505 propter
1473 2463 1585 2503 quas
1606 2455 1672 2492 est
1696 2448 1850 2502 magis,

302 2529 346 2564 et
372 2522 472 2563 ideo
504 2535 591 2563 non
624 2527 690 2562 est
722 2521 880 2562 frustra
912 2520 1013 2561 licet
1046 2520 1227 2561 terciam
1257 2532 1347 2560 non
1375 2519 1550 2569 habeat,
1577 2524 1623 2560 et
1656 2517 1853 2559 maxime

345 2651 365 2681 5
388 2641 455 2672 alia
472 2639 631 2681 materia]
649 2639 742 2671 aliud
760 2639 802 2670 M
891 2648 930 2678 13
954 2637 1117 2678 potencia
1134 2648 1198 2668 om.
1217 2636 1260 2667 M
1362 2638 1401 2668 16
1425 2640 1458 2668 et
1475 2660 1482 2668 .
1504 2659 1512 2667 .
1535 2661 1541 2667 .
1560 2635 1718 2676 potencia
1734 2645 1799 2666 om.
1814 2634 1857 2666 M

301 2703 406 2723 20-21
434 2693 575 2724 formam
599 2692 653 2722 vel
676 2702 744 2723 om.
774 2690 805 2721 Ο
928 2691 970 2721 26
994 2690 1093 2722 iverit
1117 2700 1184 2720 om.
1214 2688 1244 2719 O
1369 2698 1409 2728 27
1435 2687 1614 2730 remansit]
1641 2691 1796 2719 remanet
1821 2686 1853 2718 Ο

302 2755 339 2783 31
368 2744 476 2783 primo
493 2754 560 2774 om,
578 2742 620 2773 M
751 2753 792 2783 33
816 2741 1115 2783 convenienciam]
1133 2740 1457 2773 inconvenienciam
1474 2739 1516 2770 M

1857 804 1897 827 10

1861 1148 1899 1181 Ι5

1863 1495 1904 1517 20

1866 1839 1905 1871 25

1869 2185 1912 2219 30

1871 2530 1911 2564 35

1928 786 1932 809 ἲ
