1945 3079
130 1487 280 1522 119a2.

1023 57 1109 96 410

290 162 516 204 distancia.
582 161 775 216 Quando
805 166 954 202 autem
985 160 1077 202 avis
1108 173 1194 201 una
1216 160 1285 202 vel
1314 160 1476 215 sagitta
1505 159 1639 201 fertur
1661 159 1704 200 in
1730 173 1840 210 aere,

291 237 368 272 aut
400 244 487 271 non
518 230 567 271 fit
596 244 728 272 sonus
751 238 828 272 aut
859 229 1018 272 debilis
1046 235 1090 270 et
1120 229 1247 271 nobis
1271 229 1544 280 insensibilis,
1570 229 1775 284 precipue
1797 229 1841 269 in

292 300 508 341 distancia
551 299 744 353 aliquali.
821 298 894 340 Sic
940 299 1073 353 igitur
1116 297 1382 340 Aristoteles
1429 298 1641 352 arguebat
1690 303 1843 339 contra

293 376 466 410 motum
500 369 727 424 proprium
763 368 888 409 istius
922 367 1048 409 stelle
1082 367 1124 407 in
1160 367 1267 409 orbe
1300 367 1355 408 de
1386 367 1485 409 loco
1517 367 1572 408 ad
1606 366 1753 408 locum
1785 366 1841 407 ad

294 438 477 479 modum
510 438 571 479 rei
601 437 852 480 inanimate.
914 437 1148 491 Arguebat
1179 437 1317 478 eciam
1347 443 1500 478 contra
1522 442 1692 476 motum
1718 434 1843 477 stelle
1863 447 1881 480 5

292 507 593 562 processivum
617 508 673 549 ad
699 508 881 548 modum
905 506 1119 556 animalis,
1141 506 1245 560 quia
1269 505 1404 559 aliqui
1431 499 1672 559 posuerunt
1692 504 1843 552 stellas

292 576 457 618 habere
479 578 648 618 animas
669 582 714 618 et
739 591 833 618 esse
859 576 1079 627 animalia,
1105 583 1149 617 et
1171 576 1266 630 ipse
1288 575 1511 617 destruxit
1531 575 1649 616 hunc
1673 580 1842 615 motum

293 646 337 687 in
359 646 509 697 stellis,
526 646 629 700 quia
646 647 749 688 huic
768 646 908 687 motui
927 646 1128 687 ordinata
1145 651 1245 686 sunt
1264 645 1556 686 instrumenta
1573 641 1844 694 naturaliter,

292 722 339 756 ut
363 716 511 769 pedes.
574 715 695 769 Ergo
717 716 752 756 si
776 722 933 756 natura
956 715 1150 757 dedisset
1173 714 1299 756 stelle
1316 714 1431 755 hunc
1450 719 1633 762 motum,
1651 712 1845 754 dedisset

292 784 331 825 ei
369 785 662 826 instrumenta
702 784 831 838 hujus
875 790 1021 827 motus
1041 797 1050 835 ;
1102 790 1169 825 set
1211 797 1298 824 non
1341 783 1478 835 dedit,
1515 795 1620 836 ergo
1661 795 1742 824 nec
1783 781 1845 822 sic

294 859 510 895 movetur.

354 922 401 964 Si
424 922 638 963 obiciatur
659 922 777 976 quod
801 935 900 962 curn
932 922 1051 975 prius
1081 926 1307 962 ostensum
1332 926 1399 961 est
1427 919 1601 962 stellam
1633 933 1721 960 non
1751 932 1846 960 esse

294 992 336 1031 in
359 991 467 1032 orbe
489 992 602 1032 sicut
628 997 799 1044 partem
824 991 866 1030 in
889 997 985 1031 toto
1002 996 1068 1030 set
1092 990 1205 1031 sicut
1223 990 1418 1030 locatum
1442 989 1485 1029 in
1502 989 1615 1039 loco,
1637 995 1681 1029 et
1697 994 1847 1042 partes

293 1060 414 1101 orbis
448 1067 551 1102 sunt
587 1060 715 1100 unius
752 1066 909 1101 nature
950 1066 995 1101 et
1032 1059 1221 1113 equales,
1257 1073 1363 1113 ergo
1396 1058 1593 1112 quelibet
1636 1064 1740 1100 nata
1781 1064 1848 1099 est

295 1129 594 1171 indifferenter
617 1143 712 1170 esse
738 1129 860 1170 locus
890 1128 1026 1178 stelle,
1049 1135 1321 1182 quapropter
1349 1127 1476 1170 stella
1502 1127 1638 1169 habet
1660 1127 1847 1182 eandem

294 1199 667 1253 composicionem
702 1205 746 1240 et
778 1198 981 1252 equalem
1012 1199 1067 1239 ad
1100 1198 1344 1252 quamlibet
1376 1203 1547 1252 partem
1580 1197 1710 1247 orbis,
1742 1210 1848 1250 ergo

295 1275 417 1323 petet
439 1268 685 1322 quamlibet
703 1266 1017 1310 indifferenter.
1081 1268 1159 1309 Set
1179 1267 1263 1308 hoc
1278 1280 1366 1308 non
1389 1273 1454 1308 est
1471 1267 1553 1308 nisi
1575 1280 1654 1321 per
1676 1271 1848 1307 motum

296 1337 541 1392 proprium,
562 1351 668 1390 ergo
693 1337 941 1378 movebitur
973 1338 1015 1378 in
1039 1338 1147 1379 orbe
1175 1352 1254 1392 per
1275 1337 1470 1391 singulas
1493 1344 1663 1392 partes:
1698 1337 1848 1378 dicen-

298 1407 404 1447 dum
430 1412 495 1447 est
529 1407 648 1459 quod
683 1411 831 1459 partes
858 1406 977 1447 orbis
1007 1414 1223 1459 quantum
1253 1407 1307 1448 ad
1339 1413 1542 1448 naturam
1566 1405 1815 1460 specificam
1841 1404 1847 1460 Ι

297 1482 397 1517 sunt
415 1474 658 1529 equales‚id
676 1482 754 1527 est,
766 1475 963 1529 ejusdem
979 1482 1135 1516 nature
1149 1475 1350 1529 specifice
1367 1482 1410 1517 et
1425 1475 1615 1529 equales.
1659 1476 1849 1517 Possunt

297 1551 449 1586 tamen
473 1544 633 1585 habere
656 1545 818 1598 gradus
842 1545 884 1584 in
907 1558 969 1596 ea,
992 1551 1036 1586 et
1059 1545 1204 1586 forsan
1227 1559 1327 1600 pars
1349 1559 1484 1599 quam
1507 1545 1635 1586 stella
1658 1559 1850 1600 occupa-

296 1614 361 1654 bit
392 1613 527 1654 habet
556 1620 737 1667 propter
765 1613 891 1654 stelle
914 1614 1192 1655 nobilitatem
1216 1614 1411 1668 aliquam
1436 1615 1699 1669 dignitatem
1723 1622 1856 1674 natu--

299 1682 437 1723 ralem
462 1681 677 1735 majorem
701 1696 835 1736 quam
858 1682 952 1734 alie,
976 1689 1019 1724 et
1042 1683 1125 1724 hoc
1150 1689 1216 1724 est
1242 1684 1347 1725 satis
1370 1683 1611 1738 probabile.

356 1751 573 1798 Preterea‚
596 1751 699 1792 licet
731 1751 851 1792 nulla
883 1757 999 1792 esset
1028 1752 1160 1805 hujus
1194 1753 1487 1807 prerogativa,
1519 1759 1670 1793 tamen
1704 1752 1850 1794 adhuc

298 1833 385 1860 non
410 1819 534 1861 fieret
558 1826 706 1861 motus
736 1820 863 1862 stelle
892 1834 917 1862 a
944 1820 1041 1862 loco
1071 1834 1151 1861 suo
1177 1827 1358 1875 propter
1384 1820 1744 1862 inconveniencia
1764 1835 1850 1875 que

296 1895 539 1943 sequuntur
561 1890 616 1930 ad
642 1896 828 1941 motum,
850 1890 1031 1942 scilicet,
1055 1891 1210 1932 divisio
1234 1897 1277 1932 et
1299 1904 1431 1932 sonus
1454 1897 1498 1932 et
1521 1897 1676 1933 natura
1702 1905 1850 1933 corru-

297 1958 465 2012 pcionis
487 1972 574 2012 que
595 1960 1009 2001 concomitarentur.
1073 1960 1120 2002 Si
1145 1961 1316 2002 dicatur
1338 1961 1457 2015 quod
1479 1961 1710 2003 Avicenna
1732 1974 1850 2003 nono

296 2027 358 2067 M
356 2026 618 2080 etlzaplzisz'ce
640 2033 683 2068 et
704 2028 933 2082 Averroys
952 2035 995 2069 et
1013 2029 1268 2071 Aristotelis
1285 2030 1419 2070 verba
1442 2030 1484 2070 in
1511 2029 1606 2072 Celo
1625 2036 1669 2071 et
1678 2029 1852 2072 Mundo

296 2102 456 2136 sonant
490 2097 609 2149 quod
643 2097 769 2138 stelle
808 2105 911 2139 sunt
945 2099 1153 2148 animate,
1190 2104 1234 2139 et
1271 2097 1372 2139 ideo
1409 2112 1497 2140 non
1535 2105 1753 2153 repugnat
1789 2099 1852 2141 eis

1867 793 1908 816 10

1870 1143 1907 1177 15

1871 1489 1912 1513 20

1871 1832 1910 1863 ²5

298 2171 445 2205 motus
480 2166 770 2218 processivus‚
801 2173 949 2220 potest
985 2167 1070 2207 dici
1109 2167 1228 2220 quod
1265 2167 1339 2218 sic,
1382 2168 1486 2220 quia
1522 2169 1669 2209 anima
1706 2169 1750 2209 in
1788 2168 1850 2209 eis
1871 2180 1913 2213 30

299 2234 514 2287 equivoce
551 2242 678 2286 esset,
714 2241 757 2276 et
793 2236 836 2276 in
870 2236 954 2277 hiis
992 2235 1283 2286 inferioribus,
1317 2237 1427 2278 sicut
1468 2237 1698 2283 Avicenna
1743 2238 1852 2279 dicit

297 2303 442 2356 primo
473 2303 524 2343 de
553 2303 737 2355 Anima,
766 2311 808 2346 et
832 2305 932 2346 ideo
954 2318 1040 2346 non
1073 2310 1250 2359 oportet
1281 2307 1401 2359 quod
1434 2305 1647 2348 haberent
1680 2313 1851 2349 motum

299 2372 598 2425 processivum
622 2374 918 2415 animatorum
937 2375 1126 2416 inferius.
1178 2375 1238 2416 Et
1261 2381 1494 2428 propterea
1512 2377 1709 2418 maxima
1731 2375 1853 2418 dubi·

297 2441 414 2481 tacio
437 2448 502 2482 est
533 2455 587 2482 an
610 2442 806 2484 habeant
834 2444 1015 2494 animas,
1039 2445 1094 2485 de
1115 2458 1202 2498 qua
1233 2443 1545 2486 certificabitur
1572 2445 1753 2499 quando
1775 2445 1852 2488 fiet

300 2511 471 2551 mencio
493 2511 548 2551 de
573 2512 818 2553 motoribus
840 2512 1033 2554 celorum
1057 2520 1100 2555 et
1123 2513 1360 2555 stellarum.

343 2686 452 2723 27-28
476 2687 674 2718 Avioenna
690 2688 989 2729 Methaphisiee]
1008 2688 1053 2719 ix.
1074 2698 1094 2727 3
1112 2689 1145 2719 in
1165 2689 1242 2721 fine.
1342 2690 1384 2720 28
1409 2690 1501 2721 Celo
1517 2693 1554 2721 et
1572 2689 1740 2731 Mundo]
1757 2689 1790 2722 ii.
1808 2700 1851 2730 42

299 2739 329 2765 et
346 2746 465 2767 comm.
560 2747 671 2778 31-32
696 2741 896 2772 Avieenna
914 2743 959 2772 de
978 2740 1135 2782 Anima]
1154 2741 1173 2772 i.
1194 2751 1221 2772 1.
1240 2750 1260 2781 5
1278 2740 1348 2782 (ed.
1374 2742 1482 2783 1508).

1871 2523 1912 2558 35
