1945 3079
1018 55 1101 111 368

280 176 430 231 porcio
453 174 644 214 minoris.
709 173 847 213 Istam
871 172 1166 213 mutacionem
1185 173 1295 214 situs
1315 186 1492 214 suarum
1511 172 1708 228 parcium
1732 171 1836 213 facit

282 243 492 286 naturalis
528 249 573 284 et
610 241 779 297 equalis
815 241 1046 284 inclinacio
1080 255 1194 295 aque
1227 242 1283 283 ad
1318 250 1516 284 centrum
1548 242 1715 293 mundi,
1745 241 1837 282 sive
1943 266 1945 287 ι

283 313 460 354 inferius
495 313 585 353 sive
623 311 823 366 superius
861 317 1078 366 ponatur3
1110 316 1155 352 et
1191 311 1292 353 ideo
1326 312 1504 365 quando
1540 312 1623 352 erit
1659 310 1837 352 inferius

285 383 439 424 eadem
463 395 578 435 aqua
604 387 647 423 et
670 379 840 434 equalis
869 394 956 433 que
983 380 1066 421 fuit
1092 380 1291 434 superius
1320 381 1538 422 coartabit
1563 394 1610 421 se
1639 381 1684 421 in
1712 385 1838 434 parte
1944 387 1945 439 ᾗ

106 461 148 494 O.
170 458 249 491 261)
281 466 359 493 sua
391 465 641 506 supprema,
673 456 717 491 et
748 449 822 491 illa
850 463 951 503 pars
979 450 1203 504 separabit
1236 463 1282 490 se
1313 464 1339 491 a
1367 448 1372 505 Ι
1400 449 1611 491 lateribus
1643 450 1758 491 vasis
1789 455 1838 491 ut
1858 467 1876 500 5

284 526 601 575 coangustetur
633 520 677 561 in
710 518 941 574 superficie
972 532 1099 573 spere
1134 519 1327 571 minoris,
1364 525 1408 560 et
1440 519 1623 560 habebit
1659 519 1839 560 cordam

287 592 503 632 minorem
534 604 669 643 quarn
701 590 819 644 prius
852 588 1010 631 habuit
1042 589 1086 629 in
1114 588 1212 631 loco
1238 589 1459 643 superiori,
1483 595 1528 630 et
1554 588 1654 630 ideo
1676 588 1840 643 poterit

286 660 384 714 plus
407 659 577 701 infundi
601 660 657 701 de
678 673 794 713 aqua
817 659 860 700 in
884 659 1093 701 lateribus
1116 659 1295 713 quando
1319 664 1384 700 est
1408 659 1451 699 in
1474 657 1666 699 inferiori
1689 657 1799 700 loco.

347 730 407 771 Et
425 730 459 770 si
483 730 653 771 dicatur
673 729 793 783 quod
825 742 940 783 aqua
962 736 1174 782 sequetur
1199 727 1511 783 figuracionem
1534 728 1650 770 vasis
1672 733 1716 769 et
1738 727 1840 768 ideo

287 812 374 840 non
398 798 656 854 figurabitur
687 799 929 840 secundum
963 797 1149 853 figuram
1181 811 1295 851 aque
1325 797 1369 838 in
1400 812 1478 839 sua
1509 811 1649 852 spera,
1671 804 1715 839 et
1741 797 1840 839 ideo
1863 807 1904 831 10

287 883 365 910 nec
408 869 523 910 circa
563 874 762 910 centrum
802 869 984 910 mundi:
1020 868 1259 910 dicendum
1301 869 1421 921 quod
1460 867 1535 909 ubi
1576 868 1722 921 tangit
1763 880 1842 908 vas

287 937 549 991 figurabitur
571 951 597 978 a
618 951 734 986 vase,
758 944 825 979 set
849 938 891 978 in
915 951 1153 992 supprema
1174 943 1300 992 parte
1322 937 1415 991 ejus
1437 951 1524 979 non
1547 937 1758 991 quoniam
1783 936 1842 978 ibi

288 1021 377 1049 non
409 1007 551 1061 tangit
584 1020 673 1057 vas,
696 1013 740 1047 et
779 1007 877 1048 ideo
910 1007 970 1048 ibi
1008 1013 1152 1048 curret
1180 1020 1296 1060 aqua
1323 1007 1380 1047 ad
1415 1005 1662 1048 inferiorem
1693 1005 1841 1049 locum

288 1083 491 1131 respectu
516 1076 670 1117 mundi
693 1090 771 1129 per
793 1082 996 1118 naturam
1020 1090 1098 1117 sue
1124 1076 1367 1129 gravitatis,
1390 1082 1434 1116 et
1463 1076 1563 1117 ideo
1586 1075 1662 1117 fiet
1691 1075 1843 1130 porcio

288 1160 414 1200 spere
456 1153 656 1200 respectu
693 1145 832 1188 centri
876 1145 1057 1197 mundi;
1089 1151 1133 1188 et
1165 1151 1376 1199 sequetur
1407 1145 1682 1200 propositum
1709 1145 1842 1199 ‘quod
1865 1164 1904 1198 15

288 1215 407 1257 volui
429 1216 745 1257 demonstrare.

335 1345 355 1364 2
382 1334 546 1365 naturalis
563 1334 613 1375 et]
633 1333 837 1366 naturaliter
852 1333 895 1365 M
981 1335 1002 1364 6
1026 1333 1226 1375 superficie]
1245 1334 1444 1374 porcionem
1463 1333 1494 1365 Ο
1592 1335 1613 1364 8
1638 1334 1671 1366 in
1681 1333 1753 1375 pn]
1767 1345 1787 1367 a
1806 1334 1849 1366 M

293 1398 316 1427 9
339 1386 521 1427 sequetur]
540 1392 705 1427 sequatur
720 1386 763 1417 M
895 1396 930 1417 11
957 1386 1031 1429 ubi]
1050 1386 1104 1418 ubi
1121 1397 1186 1426 que
1205 1387 1236 1418 Ο
1386 1396 1491 1426 12-13
1515 1386 1674 1428 quoniam
1693 1410 1700 1418 .
1720 1410 1727 1420 .
1750 1410 1758 1420 .
1778 1398 1844 1419 non

293 1450 361 1473 om.
381 1439 423 1470 M
