1945 3079
1029 57 1115 112 364

292 171 468 212 cionum
511 169 865 212 conformitatem
918 171 1195 215 elementaris
1241 181 1397 217 natura
1438 175 1515 218 dat
1555 176 1618 218 eis
1660 175 1846 231 figuram

293 240 482 280 eandem
505 252 606 280 cum
639 252 736 281 eam
758 240 968 294 possibile
990 240 1071 282 fuit
1093 242 1307 297 applicari
1330 244 1386 285 ad
1410 250 1644 299 utramque
1665 245 1846 287 inclina-

292 308 479 348 cionem.
543 307 715 349 Natura
757 309 874 350 enim
916 309 1021 351 facit
1070 311 1345 353 uniformiori
1389 314 1524 355 modo
1567 328 1655 368 quo
1697 320 1848 369 potest

292 383 429 430 atque
451 391 529 431 per
549 377 758 432 pauciora
777 378 900 432 eligit
923 380 1095 433 operari
1117 394 1250 433 quam
1273 387 1433 436 potest,
1455 383 1698 424 secundum
1725 384 1845 438 quod

292 445 560 488 Aristoteles
590 447 699 489 dicit
728 454 886 489 octavo
907 448 1189 490 Phil-icarum
1219 451 1338 503 quod
1371 450 1528 492 melius
1550 459 1618 498 est
1645 452 1738 494 fieri
1771 466 1848 507 per
1866 471 1884 504 5

293 515 503 568 pauciora
525 529 659 570 quam
683 516 808 571 plura
830 517 865 558 si
888 517 1095 572 pauciora
1117 518 1350 561 sufficiunt.
1413 519 1492 562 Set
1514 527 1676 563 natura-
1692 536 1847 576 opera-

293 589 365 625 tur
388 585 556 626 meliori
580 586 715 627 modo
741 600 927 641 semper.
991 587 1065 629 Sic
1096 588 1229 642 igitur
1259 602 1338 644 per
1368 589 1564 631 diversas
1596 592 1847 641 considera-

292 653 440 695 ciones
477 668 711 709 possumus
748 656 917 697 salvare
958 656 1146 711 figuram
1188 659 1388 700 cubicam
1426 666 1470 701 et
1503 660 1847 715 pyramidalem‚

293 735 372 764 nec
393 723 478 765 hoc
501 731 718 778 repugnat
736 725 966 779 principali
984 727 1223 769 intencioni
1245 742 1332 782 qua
1348 729 1450 770 volo
1472 729 1641 771 salvare
1658 730 1845 785 figuram

293 799 459 834 rectam
502 794 544 834 in
582 793 810 836 elementis
852 810 930 849 per
971 803 1192 849 naturam,
1233 799 1476 840 secundum
1515 800 1637 853 quod
1678 801 1845 844 habent
1869 820 1909 844 ιο

293 860 628 904 inclinacionem
651 870 817 906 rectam
840 864 883 905 in
902 864 1000 907 loco
1023 872 1067 907 et
1087 867 1144 908 ad
1166 867 1326 909 locum.

353 929 414 971 Et
434 931 469 971 si
494 932 713 973 obiciatur
737 933 881 975 adhuc
908 935 1029 988 quod
1059 949 1160 976 cum
1193 936 1414 979 elementa
1438 938 1633 981 habeant
1655 938 1842 994 figuram

292 1000 551 1041 naturaliter
586 1001 852 1050 circularem,
893 1004 996 1057 quia
1033 1012 1190 1047 natura
1228 1021 1378 1048 eorum
1416 1007 1499 1049 hoc
1542 1009 1696 1063 exigit,
1738 1016 1843 1051 tunc

291 1069 548 1110 naturaliter
569 1070 797 1113 habebunt
820 1080 993 1114 motum
1020 1074 1283 1126 circularem,
1307 1090 1412 1130 ergo
1441 1079 1700 1120 naturaliter
1722 1079 1845 1122 incli—

292 1144 452 1179 nantur
472 1140 713 1181 secundum
742 1141 969 1194 circulum,
991 1157 1126 1197 quare
1155 1158 1243 1185 non
1267 1148 1509 1188 secundum
1532 1154 1712 1200 rectum,
1741 1149 1846 1202 quia
1867 1166 1905 1198 15

292 1206 336 1248 in
374 1221 560 1262 corpore
590 1209 778 1264 simplici
812 1224 900 1253 non
932 1219 1000 1254 est
1031 1214 1238 1267 aptitudo
1280 1222 1435 1258 nature
1466 1217 1522 1258 ad
1554 1218 1665 1259 duos
1698 1224 1844 1260 motus

119 1292 161 1324 Ο.
183 1300 223 1334 24
239 1292 272 1325 b.
293 1278 525 1328 naturales,
549 1285 596 1319 ut
623 1277 630 1335 Ι
659 1280 780 1333 prius
803 1281 969 1323 dictum
993 1290 1083 1325 est:
1114 1286 1351 1327 dicendum
1378 1293 1443 1327 est
1466 1288 1585 1341 quod
1608 1287 1710 1328 licet
1731 1287 1845 1329 alico

293 1347 429 1389 modo
463 1354 568 1389 nata
604 1355 749 1390 essent
792 1351 958 1392 moveri
999 1353 1279 1404 circulariter,
1320 1362 1469 1396 tamen
1505 1356 1742 1397 dicendum
1776 1363 1844 1398 est

290 1417 409 1469 quod
424 1431 503 1471 per
514 1417 627 1459 hanc
642 1418 956 1472 figuracionem
971 1421 1226 1464 circularem
1247 1437 1332 1465 non
1350 1432 1452 1466 sunt
1467 1432 1571 1467 nata
1586 1427 1750 1468 moveri
1766 1440 1845 1468 nec

290 1485 454 1527 habere
476 1487 808 1530 inclinacionem
839 1491 1084 1532 naturalem
1116 1494 1358 1535 secundum
1387 1494 1612 1543 circulum,
1633 1495 1738 1550 quia
1763 1496 1843 1537 hec
1865 1511 1906 1535 20

290 1554 501 1608 figuracio
522 1557 741 1598 circularis
763 1566 968 1601 causatur
983 1575 1041 1602 ex
1065 1562 1352 1605 inclinacione
1376 1571 1494 1606 recta
1515 1572 1559 1607 et
1581 1566 1683 1608 ideo
1705 1567 1842 1608 circu-

290 1624 380 1665 lare
398 1632 464 1667 est
482 1626 757 1680 equivocum,
777 1642 926 1679 unum,
943 1630 1121 1679 scilicet,
1140 1633 1397 1674 naturaliter
1414 1636 1535 1688 quod
1553 1642 1760 1678 causatur
1780 1650 1839 1677 ex

289 1693 574 1735 inclinacione
588 1702 705 1737 recta
722 1697 766 1737 in
787 1698 970 1752 singulis
993 1701 1193 1754 partibus
1216 1704 1410 1756 corporis
1440 1705 1559 1755 recti,
1582 1711 1626 1746 et
1648 1705 1731 1746 ista
1752 1718 1840 1747 non

289 1761 427 1804 habet
448 1764 784 1807 inclinacionem
813 1768 895 1808 nisi
928 1769 985 1809 ad
1017 1775 1187 1811 motum
1219 1778 1402 1821 rectum,
1424 1779 1467 1814 e‘t
1499 1774 1559 1815 sic
1589 1780 1656 1815 est
1684 1774 1728 1815 in
1755 1773 1844 1816 ele-

290 1833 461 1883 mentis,
497 1834 582 1875 alia
617 1842 682 1877 est
716 1835 928 1890 figuracio
976 1839 1214 1893 corporalis
1258 1841 1480 1884 circularis
1523 1857 1610 1897 que
1653 1845 1842 1886 debetur
1865 1855 1904 1889 ²5

289 1901 566 1945 inclinacioni
598 1905 796 1946 circulari
829 1906 873 1947 in
905 1907 1003 1948 loco
1036 1916 1079 1950 et
1106 1917 1230 1951 motu
1264 1911 1474 1964 circulari,
1506 1919 1550 1954 et
1582 1913 1838 1968 hujusmodi

123 1979 185 2011 106
202 1989 222 2010 a
241 1987 268 2011 1.
288 1985 376 2012 non
405 1971 412 2027 Ι
439 1979 505 2014 est
528 1973 569 2013 in
593 1973 814 2017 elemento
836 1984 902 2018 set
920 1977 963 2018 in
987 1979 1093 2029 celo,
1114 1986 1158 2022 et
1172 1980 1252 2022 hec
1275 1980 1486 2036 figuracio
1503 1983 1701 2037 precedit
1719 1984 1842 2026 incli-

289 2042 519 2083 nacionem
543 2044 791 2086 naturalem
814 2052 858 2087 et
882 2053 1055 2089 motum
1079 2049 1344 2099 circularem,
1368 2058 1412 2093 et
1434 2058 1500 2093 est
1523 2066 1656 2094 causa
1682 2067 1835 2096 eorum

286 2108 574 2163 figuratorum
593 2113 671 2154 tali
696 2113 974 2168 figuracione.
1037 2117 1116 2159 Set
1139 2118 1278 2172 figura
1297 2120 1520 2162 circularis
1544 2122 1587 2163 in
1609 2122 1838 2166 elementis

287 2185 353 2221 est
375 2188 552 2223 causata
577 2182 634 2223 ab
656 2183 943 2227 inclinacione
961 2193 1004 2229 et
1028 2194 1151 2229 motu
1177 2195 1311 2231 recto.
1860 2201 1903 2234 30

347 2248 396 2290 Si
430 2251 604 2293 dicatur
639 2253 695 2294 ad
731 2253 815 2295 hoc
848 2244 1078 2309 quomodo
1112 2264 1259 2311 potest
1285 2261 1541 2314 oppositum
1579 2263 1747 2305 causari
1780 2277 1838 2305 ex

286 2319 495 2372 opposito
528 2321 588 2374 <et
627 2322 835 2365 circulare
867 2332 911 2366 et
950 2332 1118 2367 rectum
1151 2335 1252 2370 sunt
1285 2331 1492 2384 opposita
1523 2331 1636 2373 sicut
1667 2333 1837 2386 species

286 2388 506 2442 opposite)
528 2404 536 2431 :
569 2391 801 2433 dicendum
825 2401 891 2435 est
914 2396 1033 2448 quod
1065 2396 1174 2438 bene
1197 2411 1275 2452 per
1303 2399 1507 2441 accidens
1529 2407 1678 2455 potest
1700 2415 1837 2444 unum

329 2501 350 2531 5
374 2493 630 2536 Phisieorum]
642 2495 767 2534 forsan
783 2496 853 2527 viii.
870 2497 922 2536 48,
939 2497 1017 2528 vide
1034 2508 1158 2533 comm.
1173 2499 1208 2536 S,
1227 2500 1391 2537 Thomae.

329 2596 349 2617 2
372 2586 452 2628 fuit]
471 2587 514 2618 sit
532 2587 564 2618 O
713 2601 732 2629 4
757 2590 876 2633 quam]
894 2592 986 2631 quod
1006 2593 1037 2624 Ο
1191 2596 1213 2626 6
1237 2606 1356 2635 quarn.
1379 2622 1385 2628 .
1406 2623 1412 2629 .
1431 2597 1622 2640 sufficiunt]
1637 2599 1783 2631 sufficiat
1798 2599 1841 2631 M

288 2648 327 2669 12
351 2638 479 2680 adhuc]
497 2639 541 2670 ad
566 2640 629 2672 hee
648 2640 679 2672 Ο
815 2653 891 2674 cum
909 2655 975 2676 om.
996 2645 1039 2676 M
1222 2656 1262 2687 19
1285 2659 1354 2679 non
1373 2673 1380 2680 .
1401 2673 1408 2681 .
1430 2674 1436 2682 .
1456 2649 1536 2690 nec]
1555 2661 1623 2681 non
1642 2656 1787 2692 possunt
1804 2651 1836 2683 Ο

285 2701 392 2729 21—23
417 2695 451 2721 et
469 2715 475 2721 .
493 2715 500 2722 .
522 2716 529 2723 .
547 2698 639 2724 recta
655 2704 721 2727 om.
739 2694 781 2725 M
924 2707 966 2737 25
991 2697 1179 2738 corporalis
1195 2709 1261 2730 om.
1284 2699 1314 2730 O
1449 2711 1492 2741 29
1516 2702 1754 2746 figuratorum]
1772 2714 1834 2737 seu

285 2742 452 2781 figuratur
472 2742 502 2774 Ο
