1945 3079
812 131 894 172 339

76 231 201 273 Licet
224 231 339 272 enim
364 230 581 273 ternarius
611 231 666 272 sit
696 231 737 271 in
768 231 888 272 omni
919 245 963 272 re
995 238 1037 272 et
1062 233 1104 272 in
1137 233 1258 273 omni
1291 240 1486 275 creatore
1514 240 1557 276 et
1582 235 1623 275 in

74 307 287 353 creatura,
302 307 450 342 tamen
474 300 632 341 divisio
656 313 799 341 rerum
824 299 1014 354 plurium
1037 302 1282 343 adinvicem
1306 302 1349 343 in
1370 303 1625 357 particulari

75 375 140 411 est
177 370 317 424 magis
359 383 438 424 per
479 369 592 411 hunc
634 383 865 410 numerum
904 370 1154 423 quinarium
1196 384 1330 424 quarn
1370 385 1448 426 per
1488 373 1623 413 alium

75 440 316 481 secundum
354 438 648 480 Aristotelem
692 439 734 479 in
786 438 898 479 libro
940 438 1027 481 illo.
1111 439 1193 481 Est
1236 440 1366 494 igitur
1412 442 1625 495 perfeccio

37 506 260 560 5quinarii
294 505 446 547 melior
471 506 514 546 in
547 505 676 547 rebus
709 505 980 547 naturalibus
1012 519 1147 559 quam
1179 507 1347 557 senarii,
1369 513 1413 548 et
1445 513 1626 561 propter

76 575 159 617 hoc
190 589 291 616 eum
327 574 460 628 elegit
495 581 663 616 natura.
749 574 829 616 Set
866 575 1135 616 arismeticus
1174 588 1262 615 non
1304 582 1426 616 curat
1459 576 1538 616 nisi
1572 576 1627 617 de

73 644 348 699 perfeccione
380 644 537 685 senarii
573 649 754 697 propter
788 644 1168 686 consideraciones
1194 658 1295 685 suas
1327 651 1371 685 et
1403 645 1627 698 passiones

76 713 238 755 multas
261 713 532 755 arismeticas
562 727 648 766 que
681 719 786 754 sunt
814 713 928 754 circa
954 712 1075 754 illam
1109 712 1431 766 perfeccionem
1462 719 1506 754 et
1535 712 1629 766 ejus

75 783 280 836 opposita
302 796 388 837 que
409 788 512 823 sunt
534 782 797 823 habundans
821 787 863 822 et
883 782 1168 834 diminutum,
1185 787 1229 821 et
1252 782 1349 822 ideo
1372 781 1629 835 negociatur

18 870 58 894 10
75 853 189 894 circa
222 851 472 905 hujusmodi
496 851 831 906 perfeccionem,
853 857 897 892 et
925 864 1013 891 non
1036 851 1141 904 quia
1164 851 1303 904 major
1321 856 1387 891 est
1410 849 1628 904 perfeccio

74 927 118 963 et
142 908 309 962 rnelior.
372 920 572 962 Sciencia
600 934 689 961 non
721 921 973 962 considerat
995 920 1160 973 aliquid
1195 920 1242 960 in
1263 919 1516 973 particulari
1546 920 1627 960 nisi

75 997 257 1045 propter
298 987 612 1044 diffi-{cultates
653 989 816 1030 multas
863 1003 950 1044 que
994 990 1202 1031 accidunt
1254 989 1298 1030 in
1347 989 1628 1030 multitudine
1646 1005 1772 1038 9921·

74 1059 333 1113 passionum
361 1066 405 1100 et
438 1072 668 1101 causarum
698 1059 813 1101 circa
840 1059 1036 1112 aliquam
1071 1072 1175 1109 rem,
1203 1065 1246 1099 et
1278 1058 1358 1100 hec
1387 1057 1628 1099 multitudo

74 1128 234 1170 accidit
257 1128 299 1169 in
322 1128 417 1170 sola
441 1127 716 1181 perfeccione
740 1133 940 1182 respectu
966 1141 1146 1169 suorum
1170 1127 1502 1177 contrariorum,
1524 1128 1629 1180 quia

19 1197 290 1252 15perfeccio
326 1204 393 1238 est
431 1197 473 1237 in
519 1197 720 1251 partibus
762 1196 983 1250 aliquotis‚
1022 1203 1066 1238 et
1111 1197 1211 1238 ideo
1253 1196 1528 1238 arismeticus
1570 1197 1627 1237 ad

75 1267 189 1307 hanc
226 1267 454 1308 descendit
489 1267 630 1320 magis
669 1279 804 1320 quam
840 1267 896 1307 ad
929 1265 1050 1316 alias,
1082 1273 1127 1307 et
1163 1265 1276 1307 hanc
1311 1265 1452 1319 magis
1487 1271 1629 1306 notat.

78 1336 157 1379 Set
190 1336 387 1377 raciones
417 1335 572 1376 harum
602 1335 927 1388 perfeccionum
960 1335 1151 1389 exposui
1182 1335 1225 1376 in
1253 1334 1561 1384 Arismetrica‚
1588 1340 1631 1375 et

76 1406 175 1447 ideo
197 1411 464 1458 pertranseo.

127 1539 140 1559 1
167 1532 201 1560 et
228 1527 262 1559 in
288 1526 396 1569 omni]
424 1527 583 1568 quoniam
612 1531 646 1558 et
672 1526 707 1557 in
738 1526 769 1557 O
923 1536 960 1565 14
987 1525 1082 1567 quia]
1113 1535 1179 1567 que
1209 1525 1240 1556 Ο
1386 1533 1426 1565 15
1449 1524 1499 1567 in]
1530 1535 1573 1558 ex
1600 1524 1631 1557 Q

82 1581 188 1619 17-18
211 1580 273 1611 Set
289 1604 297 1612 .
318 1604 325 1612 .
343 1604 351 1613 .
370 1584 573 1620 pertranseo
589 1589 656 1611 om.
677 1579 708 1609 O

794 2889 917 2921 Aa2
