1945 3079
790 124 866 170 351

121 226 180 268 Et
207 225 503 268 consideracio
526 226 781 269 Aristotelis
810 231 865 270 de
895 229 1163 283 figuracione
1194 247 1306 287 aque
1335 234 1481 288 primo
1519 235 1612 277 Celi

57 303 100 336 et
127 295 296 336 Mundi
311 296 518 349 supponit
542 297 660 349 quod
684 310 799 350 aqua
818 312 990 352 semper
1012 302 1143 342 currit
1167 303 1220 343 ad
1246 302 1436 354 inferius,
1455 310 1502 345 ut
1527 318 1606 345 nos

59 364 258 405 videmus
275 364 329 404 ad
349 363 539 415 oculum,
556 378 692 418 quare
711 366 746 406 si
769 380 794 406 a
813 373 964 409 centro
989 370 1154 419 mundi,
1169 371 1287 423 quod
1312 378 1377 413 est
1395 372 1606 422 infimum,

60 434 277 474 ducantur
309 432 422 473 linee
454 433 624 474 infinite
652 435 707 475 ad
741 436 1015 489 superficiem
1054 452 1179 492 aque,
1203 439 1274 480 ille
1308 440 1418 481 linee
1453 455 1606 483 omnes

21 516 40 549 5
60 508 161 543 sunt
184 502 374 557 equales.
439 502 556 543 Nam
576 516 838 557 quacunque
857 506 959 546 data
982 506 1183 560 longiori,
1202 522 1315 562 aqua
1333 510 1374 550 in
1398 512 1604 552 extremi-

60 577 153 612 tate
190 573 283 626 ejus
319 572 450 613 currit
492 572 548 612 ad
587 572 785 614 inferiora
830 573 927 615 loca
960 576 1101 616 donec
1140 583 1325 629 equetur
1361 579 1469 620 aliis.
1529 580 1607 621 Set

60 640 173 682 linee
196 641 373 695 equales
396 641 477 682 iste
499 654 583 683 non
601 648 785 694 possunt
803 644 1027 685 terminari
1045 646 1102 686 ad
1120 646 1397 700 superficiem
1417 647 1606 701 planam,

61 724 163 751 nam
187 710 261 751 illa
282 724 367 764 que
390 710 763 764 perpendicularis
780 719 845 753 est
864 713 946 754 erit
969 713 1142 755 brevior
1155 714 1251 755 aliis
1268 729 1344 768 per
1362 722 1461 768 19ΜΠ
1478 717 1606 771 primi

60 779 389 821 Elementorum
434 779 644 829 EuclidiS,
687 793 766 821 nec
817 782 874 822 ad
921 782 1199 837 superficiem
1242 797 1487 826 convexam
1530 799 1607 840 per

3 860 43 884 10
67 847 140 889 8am
161 849 280 890 tercii
301 849 635 890 Elementorum
661 850 869 901 Euclidis‚
894 865 998 905 ergo
1028 852 1083 893 ad
1107 866 1354 894 concavam.
1421 855 1481 896 Et
1502 855 1605 908 quia

64 917 233 959 infinite
255 924 356 958 sunt
378 917 490 959 linee
520 933 545 959 a
574 924 722 959 centro
752 920 946 974 undique
977 922 1273 974 producendo,
1303 922 1402 964 ideo
1431 930 1606 977 oportet

63 987 182 1040 quod
205 987 284 1028 hec
319 987 571 1029 concavitas
602 988 660 1028 sit
691 989 929 1042 spericitas,
953 990 1056 1043 quia
1088 989 1255 1032 infinite
1286 991 1398 1032 linee
1430 992 1607 1046 equales

61 1069 148 1097 non
171 1056 393 1111 attingant
416 1058 471 1098 ad
503 1057 698 1110 aliquam
729 1057 1006 1110 superficiem
1037 1073 1278 1101 concavam
1300 1062 1381 1101 nisi
1405 1061 1447 1101 in
1471 1061 1609 1115 figura

62 1125 242 1179 sperica.
308 1125 368 1166 Et
399 1127 518 1178 quod
551 1127 685 1167 modo
725 1126 817 1167 sine
847 1127 1114 1179 figuracione
1146 1129 1498 1170 demonstratum
1531 1137 1609 1180 est,

3 1209 42 1242 ¹5
64 1208 241 1236 necesse
283 1200 349 1236 est
391 1196 509 1248 quod
551 1202 760 1248 appareat
799 1196 840 1236 in
883 1195 1024 1250 figura
1065 1203 1245 1251 propter
1281 1198 1608 1240 cavillacionem

64 1277 198 1317 quam
231 1262 527 1317 falsigraphus
554 1264 792 1306 induceret.
843 1264 910 1306 Sit
932 1265 1063 1320 igitur
1091 1266 1136 1306 A
1158 1273 1348 1321 punctus
1376 1266 1382 1322 Ι
1409 1275 1606 1310 centrum
1627 1279 1668 1310 Ο.
1688 1285 1725 1320 17
1745 1279 1777 1310 b.

66 1333 236 1385 mundi,
257 1339 300 1374 et
322 1332 574 1386 superficies
590 1347 704 1387 aque
730 1334 873 1387 primo
901 1335 1030 1376 detur
1051 1335 1183 1388 plana
1209 1335 1214 1390 Ι
1244 1343 1286 1378 et
1308 1337 1366 1378 sit
1388 1337 1501 1378 linea
1522 1337 1607 1378 AB
1630 1358 1688 1380 102
1708 1362 1726 1381 a
1747 1359 1776 1382 2.

63 1402 120 1444 ad
152 1415 285 1455 quam
319 1402 549 1443 trahantur
580 1403 667 1444 due
699 1403 809 1444 linee
831 1404 922 1445 AD
947 1411 990 1446 et
1019 1404 1114 1446 AB.
1181 1403 1292 1447 Dico
1325 1406 1460 1458 igitur
1489 1407 1609 1459 quod

64 1471 157 1512 AD
181 1477 224 1513 et
246 1470 332 1512 AB
355 1478 458 1513 sunt
479 1472 672 1525 equales.
735 1473 852 1514 Nam
875 1473 910 1513 si
932 1473 1070 1515 altera
1087 1487 1181 1514 esse
1202 1473 1385 1528 longior,
1403 1488 1502 1516 cum
1518 1475 1610 1529 ejus

5 1558 45 1580 20
63 1540 324 1581 extremitas
356 1548 470 1582 esset
501 1541 636 1582 alcior
667 1541 709 1582 in
743 1543 924 1596 mundo,
955 1556 1059 1596 ergo
1090 1550 1366 1585 concurreret
1402 1558 1518 1597 aqua
1552 1544 1608 1584 ad

64 1615 196 1663 caput
212 1609 387 1652 alterius
409 1610 532 1660 linee,
556 1611 765 1664 quoniam
792 1618 858 1653 est
881 1611 1058 1653 inferior
1080 1612 1213 1663 locus,
1232 1613 1373 1654 donec
1396 1626 1608 1666 equaren-

64 1685 147 1720 tur.
223 1678 474 1720 Dicendum
497 1681 628 1733 igitur
650 1681 771 1734 quod
807 1680 1181 1735 perpendicularis
1205 1682 1337 1723 debet
1360 1682 1471 1722 infra
1493 1681 1609 1724 hunc

64 1748 333 1801 triangulum
356 1748 456 1789 duci
489 1749 544 1789 ad
577 1749 852 1804 superficiem
882 1763 1006 1804 aque,
1039 1751 1157 1803 quod
1191 1750 1246 1791 de
1278 1749 1392 1791 facili
1425 1759 1608 1804 negaret

65 1817 304 1869 cavillator,
326 1824 370 1858 et
392 1818 452 1859 sic
477 1824 622 1859 totum
640 1832 893 1871 processum
917 1820 1101 1872 inpedit,
1122 1820 1235 1861 sicut
1259 1819 1384 1860 multi
1407 1819 1609 1861 solebant

5 1909 44 1940 25
64 1886 178 1927 hanc
200 1886 456 1928 Aristotelis
479 1887 906 1929 demonstracionem
925 1888 1158 1929 infirmare.
1222 1888 1300 1930 Set
1323 1889 1357 1929 si
1379 1902 1465 1929 non
1489 1889 1608 1930 cadit

65 1955 177 1996 infra
217 1954 484 2008 triangulum
528 1962 632 1997 tunc
667 1957 799 1998 cadat
839 1964 967 1998 extra
1007 1958 1063 1999 ad
1106 1957 1377 2011 superficiem
1410 1971 1523 2011 aque
1563 1959 1607 1998 in

68 2032 233 2079 puncto
268 2025 316 2066 F.
381 2024 491 2065 Cum
521 2039 626 2079 ergo
658 2025 805 2079 anguli
839 2027 994 2080 prioris
1024 2025 1230 2081 trianguli
1267 2027 1323 2067 ad
1351 2027 1493 2068 basim
1523 2027 1609 2067 sint

66 2094 244 2148 equales
265 2107 343 2148 per
366 2100 442 2147 5ἶΞιΙΠ
463 2094 592 2147 primi
619 2093 958 2142 Elementorum,
985 2101 1139 2136 neuter
1167 2109 1319 2136 eorum
1348 2097 1427 2136 erit
1454 2101 1611 2145 rectus,

67 2177 148 2205 nec
165 2162 351 2204 obtusus
373 2177 450 2218 per
473 2169 575 2217 32³m
592 2162 803 2216 ejusdem.
868 2163 990 2217 Ergo
1007 2163 1140 2205 ABD
1164 2164 1351 2217 angulus
1366 2164 1446 2205 erit
1464 2164 1610 2205 minor

7 2257 48 2290 30
67 2238 200 2275 recto.
241 2230 320 2273 Set
335 2229 670 2286 postquamAF
685 2239 750 2273 est
764 2232 1139 2286 perpendicularis
1154 2239 1331 2286 oportet
1348 2233 1466 2286 quod
1483 2232 1607 2273 AFB

66 2301 252 2356 angulus
270 2302 326 2342 sit
349 2308 493 2342 rectus
511 2301 554 2341 in
577 2301 797 2355 triangulo
812 2301 951 2342 ABF.
1015 2300 1091 2343 Set
1117 2316 1194 2356 per
1222 2302 1326 2343 16am
1351 2302 1481 2355 primi
1504 2301 1608 2342 Ele-

115 2451 176 2472 1=2
201 2442 281 2473 Geli
297 2444 335 2472 et
350 2440 502 2482 Mundi]
522 2440 553 2473 ii.
573 2451 625 2481 31.

115 2604 128 2625 1
155 2596 198 2626 de
215 2593 442 2635 figuracione]
461 2594 495 2624 in
514 2594 621 2634 figura
640 2593 671 2624 Ο
849 2604 868 2633 3
894 2593 1068 2634 videmus]
1101 2593 1248 2624 vidimus
1282 2592 1313 2623 Ο
1441 2591 1609 2633 infimum]

71 2647 242 2678 infinitum
262 2646 293 2678 Ο
403 2655 422 2686 5
447 2656 535 2686 aqua
551 2656 619 2677 om.
638 2645 681 2676 M
769 2655 808 2676 12
832 2645 928 2687 quia]
947 2650 981 2676 et
998 2645 1040 2676 M
1129 2655 1180 2683 14,
1201 2654 1239 2684 15
1267 2644 1308 2674 Et
1321 2643 1410 2684 quod
1429 2644 1529 2674 modo
1549 2667 1556 2674 .
1576 2667 1582 2674 .
1600 2667 1607 2675 .

69 2699 177 2739 figura
193 2708 259 2730 om.
277 2698 319 2729 M
437 2699 477 2728 16
501 2695 747 2738 falsigraphus]
765 2697 999 2736 falsigrafficus
1018 2696 1048 2727 O
1182 2706 1224 2726 22
1250 2694 1456 2735 Dicendum]
1472 2694 1558 2725 Dico
1581 2693 1611 2724 Ο

69 2762 110 2790 24
135 2750 281 2791 inpedit]
299 2750 481 2790 impediret
499 2749 530 2780 Ο
628 2750 670 2780 26
693 2749 808 2790 cadat]
832 2749 922 2780 cadit
939 2748 981 2778 M
1089 2758 1132 2787 29
1154 2747 1251 2789 32²m]
1267 2751 1353 2787 31am
1367 2745 1409 2776 M
1503 2756 1608 2786 30-31

69 2806 202 2843 oportet
220 2827 226 2833 .
246 2825 254 2833 .
269 2826 276 2834 .
297 2801 355 2842 sit]
373 2802 416 2833 ab
434 2802 495 2833 DF
512 2801 556 2833 sit
572 2801 719 2841 angulus
737 2800 779 2831 M
863 2811 903 2841 31
934 2799 1029 2840 16am]
1050 2800 1131 2830 18²³]
1149 2799 1190 2829 M
