1945 3079
146 1552 276 1593 99b2.

125 2246 166 2277 Ο.
192 2254 229 2286 13
245 2245 278 2278 b.

1020 63 1106 107 342

292 174 379 208 tres
409 164 700 220 superficiales
730 165 902 220 possint
932 165 1109 221 replere.
1175 168 1378 209 Preterea
1409 168 1574 210 ibidem
1601 169 1839 223 probatum
1887 176 1889 179 “
1941 181 1945 189 “

290 243 356 277 est
397 235 516 289 quod
556 235 696 276 cubus
730 235 898 290 replere
932 242 1081 290 potest
1118 235 1294 288 locum;
1331 251 1435 279 nam
1469 244 1572 280 octo
1603 239 1703 280 cubi
1736 252 1841 279 con-

289 305 458 358 gregati
496 304 608 346 circa
641 310 854 359 punctum
889 319 1021 346 unum
1055 311 1201 347 totum
1234 307 1430 360 spacium
1465 314 1698 361 occupant,
1730 307 1841 348 sicut

291 374 456 415 ibidem
479 374 830 415 demonstratum
849 381 924 416 est.
980 374 1060 417 Set
1078 382 1224 430 preter
1245 377 1408 418 cubum
1432 389 1520 417 non
1543 383 1609 418 est
1631 375 1842 429 possibile

291 443 401 484 duas
444 442 552 484 alias
594 442 757 497 figuras
799 443 946 485 locum
989 443 1185 499 replere;
1237 458 1341 485 nam
1381 446 1436 486 de
1474 459 1559 486 una
1594 451 1661 491 est
1698 445 1880 494 adhuc5

290 512 540 561 altercacio,
578 519 626 554 ut
664 513 719 554 de
757 514 988 567 pyramide
1029 514 1256 567 quomodo
1297 514 1462 568 repleat
1499 515 1659 556 locum.
1705 515 1842 570 «ρυε-

291 588 473 637 propter
510 589 687 636 oportet
724 584 780 624 ad
821 584 966 624 minus
997 584 1117 637 quod
1155 583 1198 624 in
1232 583 1371 625 tribus
1403 585 1659 639 corporibus
1693 584 1843 633 mundi

291 652 347 693 sit
370 666 571 704 vacuum,
602 653 782 702 scilicet,
806 654 848 694 in
879 653 987 706 celo,
1009 667 1123 706 aere,
1148 660 1192 695 et
1224 667 1353 707 aqua.
1417 654 1537 694 Nam
1569 653 1708 708 figure
1740 655 1844 695 date

291 721 375 763 hiis
407 722 666 776 corporibus
697 737 784 764 non
817 730 917 766 sunt
948 730 1051 765 nate
1082 722 1228 765 locum
1261 722 1440 777 replere,
1462 730 1732 778 quapropter
1763 722 1845 766 hec

292 790 505 846 figuracio
530 792 758 834 Platonica
781 807 868 834 non
890 792 1025 834 habet
1048 793 1292 834 veritatem.
1868 809 1907 832 10

356 946 605 1001 Capitulum
630 953 696 989 2¹³³.
761 948 841 1002 <de
858 947 1018 1002 figura
1038 948 1159 999 celi).

352 1050 518 1103 Magna
539 1063 644 1090 vero
673 1056 716 1091 et
746 1050 934 1091 difficilis
957 1056 1024 1091 est
1046 1051 1176 1091 nimis
1198 1057 1242 1091 et
1265 1050 1416 1103 pulcra
1437 1051 1721 1093 vehementer
1742 1065 1845 1093 con-

292 1118 505 1160 sideracio
538 1119 593 1159 de
625 1119 776 1172 figuris
803 1119 949 1161 locum
981 1119 1263 1174 replentibus,
1287 1127 1332 1161 et
1360 1134 1496 1161 unum
1523 1120 1767 1174 capitulum
1790 1121 1846 1172 de

292 1187 579 1229 nobilioribus
598 1188 890 1243 philosophie,
909 1190 1012 1243 quia
1037 1202 1124 1229 non
1145 1188 1290 1230 solum
1314 1189 1460 1243 primo
1483 1196 1527 1230 et
1549 1190 1848 1245 principaliter

293 1258 614 1312 geometricum
645 1265 711 1299 est
741 1259 857 1300 istud
881 1259 1142 1313 capitulum,
1162 1265 1229 1299 set
1259 1259 1427 1300 utiliter
1449 1266 1493 1301 et
1516 1259 1747 1314 magnifice
1769 1274 1847 1314 ap·
1870 1277 1908 1309 15

295 1327 483 1381 plicatur
514 1328 783 1377 naturaliter,
817 1334 865 1369 ut
903 1329 947 1368 in
984 1328 1065 1368 hiis
1104 1329 1363 1382 corporibus
1397 1329 1560 1379 mundi,
1592 1335 1636 1370 et
1673 1327 1716 1370 in
1752 1329 1848 1371 aliis

294 1397 737 1438 consideracionibus.
802 1396 881 1439 Set
903 1397 973 1438 hic
987 1404 1136 1439 tamen
1152 1397 1262 1439 latet
1277 1397 1530 1451 hujusmodi
1547 1398 1606 1439 rei
1623 1398 1849 1448 nobilitas,

296 1466 400 1518 quia
441 1465 511 1506 hic
554 1479 641 1507 non
684 1472 833 1521 potest
873 1467 1100 1520 explicari,
1135 1480 1233 1507 curn
1277 1466 1575 1521 principaliter
1616 1473 1661 1509 et
1702 1468 1849 1522 primo

296 1536 514 1588 pertineat
542 1533 548 1589 Ι
576 1535 631 1576 ad
647 1536 884 1589 practicam
896 1535 1165 1577 Geometrie.
1207 1535 1432 1589 Quoniam
1453 1535 1587 1589 igitur
1600 1536 1643 1576 in
1659 1535 1756 1577 loco
1773 1535 1851 1577 illo

296 1604 515 1645 declaravi
538 1604 613 1645 illa
634 1619 720 1658 que
749 1611 939 1658 oportet,
969 1606 1069 1647 ideo
1093 1605 1305 1646 lectorem
1329 1605 1582 1647 transmitto
1605 1606 1661 1647 ad
1689 1605 1849 1656 locum,
1871 1625 1912 1647 20

295 1672 447 1714 volens
476 1674 613 1715 eciam
645 1674 688 1714 in
720 1674 814 1715 aliis
846 1688 1018 1717 servare
1053 1674 1233 1729 propria
1265 1688 1351 1728 que
1383 1674 1566 1729 singulis
1595 1675 1849 1729 hujusmodi

296 1749 509 1785 tractatus
550 1742 655 1785 locis
697 1744 917 1794 dicuntur,
955 1745 1165 1798 precipue
1209 1750 1257 1785 ut
1295 1743 1516 1785 naturales
1558 1744 1663 1785 nudi
1700 1745 1851 1796 sciant,

296 1813 400 1865 quia
426 1812 700 1866 languebunt
723 1813 766 1853 in
797 1815 927 1855 rebus
950 1814 1225 1855 naturalibus
1246 1819 1290 1855 et
1319 1814 1556 1864 cecucient,
1578 1814 1657 1854 nisi
1681 1814 1850 1855 mathe-

297 1882 454 1923 matice
483 1884 684 1925 noverint
715 1890 997 1938 potestatem,
1023 1884 1066 1924 in
1093 1897 1227 1936 quam
1257 1883 1570 1937 blasphemant
1598 1897 1656 1924 ex
1680 1882 1851 1924 infinita

296 1952 574 2006 ignorancia:
618 1961 662 1995 et
697 1960 932 2008 propterea
971 1955 1170 1994 omnium
1217 1967 1361 1994 rerum
1400 1952 1664 1993 naturalium
1700 1958 1851 1994 carent
1871 1970 1911 2003 25

296 2022 570 2073 certitudine,
610 2023 724 2064 sicut
775 2024 818 2063 in
865 2023 1048 2077 prologo
1102 2023 1227 2065 istius
1275 2021 1526 2076 Compendii
1572 2021 1852 2076 Philosophia

296 2090 430 2145 longo
467 2105 669 2133 sermone
710 2099 754 2134 et
796 2092 1015 2135 efficacius
1057 2107 1146 2146 quo
1195 2093 1319 2146 potui
1371 2098 1414 2132 et
1464 2091 1724 2146 diligencius
1771 2103 1851 2144 per

297 2161 643 2214 applicacionem
677 2162 991 2204 mathematice
1024 2163 1080 2203 ad
1114 2163 1326 2204 sciencias
1357 2168 1525 2203 ceteras
1554 2167 1597 2201 et
1629 2174 1696 2201 res
1725 2161 1851 2202 istius

300 2231 451 2272 mundi
494 2232 742 2286 explanavi.
782 2230 787 2286 Ι
829 2231 907 2274 Set
956 2246 1034 2274 nec
1070 2232 1275 2273 'exterius
1321 2220 1727 2284 possunt.figurari
1767 2230 1851 2271 hiis

300 2300 459 2354 figuris,
496 2302 608 2342 sicut
643 2315 722 2343 nec
761 2302 954 2343 interius.
1031 2301 1110 2343 Set
1144 2308 1323 2356 oportet
1355 2300 1476 2353 quod
1513 2299 1706 2340 habeant
1739 2299 1849 2353 figu-
1872 2317 1914 2349 30

300 2383 394 2411 ram
426 2371 651 2424 sperieam,
686 2372 747 2413 ita
778 2372 901 2425 quod
939 2372 1135 2412 exterius
1168 2383 1419 2412 convexam
1453 2375 1496 2410 et
1534 2369 1716 2409 interius
1748 2382 1850 2411 con-

299 2453 481 2491 cavam3
515 2441 634 2493 quod
669 2441 814 2494 primo
841 2441 1087 2482 ostenditur
1109 2441 1165 2481 de
1192 2440 1299 2481 celo.
1368 2439 1485 2479 Nam
1509 2439 1654 2492 primo
1676 2437 1851 2491 corpori

301 2509 488 2550 debetur
529 2508 669 2562 figura
712 2509 881 2562 prima;
935 2509 1040 2550 item
1084 2509 1253 2562 corpori
1296 2507 1622 2561 simplicissimo
1664 2507 1852 2547 debetur

348 2609 383 2629 11
410 2609 477 2629 om.
495 2597 526 2628 O
620 2599 660 2629 16
683 2599 885 2629 naturaliter
901 2609 967 2630 om.
989 2598 1031 2629 M
1134 2608 1173 2628 21
1202 2597 1329 2638 eciam]
1349 2598 1403 2629 hic
1422 2602 1454 2628 et
1473 2596 1505 2627 Ο
1608 2599 1658 2628 22⁴
1675 2595 1850 2637 dicuntur]

301 2651 469 2681 debentur
487 2650 518 2681 Ο
609 2650 707 2691 nudi]
726 2651 842 2681 mundi
858 2649 900 2680 M
986 2660 1027 2689 23
1052 2649 1245 2691 cecucient]
1263 2650 1438 2680 recueient
1453 2649 1494 2680 M
1583 2658 1623 2688 25
1649 2648 1850 2690 propterea]

301 2707 443 2743 propter
459 2703 523 2734 hoc
544 2702 574 2734 Ο
690 2702 893 2734 naturalium
912 2713 979 2739 om,
1002 2702 1043 2732 M
1152 2703 1195 2732 26
1219 2701 1425 2741 Compendii
1443 2711 1511 2733 om.
1529 2701 1571 2731 M
1679 2701 1721 2732 28
1744 2705 1778 2731 et
1796 2710 1851 2731 res

302 2766 367 2787 om.
388 2756 430 2786 M
