1945 3079
826 102 905 146 377

96 220 196 248 cum
226 205 589 260 impedimentum
616 218 704 246 non
733 205 789 247 sit
819 220 845 247 a
867 211 994 259 parte
1015 220 1094 247 sua
1115 206 1192 247 sed
1216 206 1270 247 ab
1293 211 1433 256 extra,
1456 211 1636 260 propter

97 275 388 328 privacionem
405 274 585 315 materie
601 279 704 327 apte
719 274 775 315 ad
793 287 904 315 eam.
952 274 1084 315 Unde
1101 274 1352 328 hujusmodi
1375 274 1634 328 aptitudinis

97 343 338 398 complecio
368 348 411 384 et
441 342 641 384 reduccio
670 343 726 383 ad
748 349 895 384 actum
918 355 1006 383 non
1030 343 1171 383 solum
1194 350 1432 385 excusatur
1453 350 1634 397 propter

94 412 203 453 duas
225 425 377 453 causas
398 411 551 460 dictas,
571 417 637 452 set
659 411 797 453 eciam
820 417 1019 464 respectu
1044 412 1254 452 individui
1276 411 1454 454 alterius
1477 418 1525 453 ut
1547 424 1634 452 non

55 499 74 531 5
93 481 264 522 dicatur
296 480 465 531 frustra,
489 480 592 521 licet
625 479 731 521 illud
764 493 852 522 non
879 479 1053 529 habeat,
1077 481 1178 534 quia
1207 493 1325 522 error
1350 481 1567 522 accideret
1589 480 1632 520 in

95 550 225 590 rebus
259 549 506 603 multipleX‚
538 554 582 590 et
614 549 724 590 ordo
757 555 911 590 nature
944 549 1105 602 periret
1137 550 1172 589 si
1209 549 1522 603 adimpleretur
1553 549 1633 590 hec

92 618 307 672 aptitudo.
371 617 450 660 Set
481 623 630 658 tamen
663 630 750 658 non
781 632 807 659 a
839 624 963 671 parte
994 618 1153 671 speciei
1185 616 1309 670 cujus
1332 624 1397 658 est
1429 618 1633 671 aptitudo

92 692 159 728 set
190 701 216 728 a
246 692 371 741 parte
401 686 614 728 individui
646 686 836 728 alterius.
898 686 1189 728 Restauratur
1226 686 1358 739 igitur
1388 686 1632 739 dampnum

91 755 215 797 istius
236 755 496 809 aptitudinis
523 769 600 808 per
627 755 769 808 majus
794 755 960 796 bonum
983 755 1076 797 sine
1099 754 1443 808 comparacione‚
1468 760 1511 795 et
1534 754 1634 795 ideo

33 841 74 865 10
91 837 177 866 non
198 831 264 866 est
286 824 455 875 frustra,
477 824 614 866 eciam
637 839 695 866 ex
718 824 800 866 hac
823 838 954 867 causa
976 825 1122 866 tercia.

149 892 197 935 Si
228 900 378 934 autem
409 893 580 935 dicatur
612 894 666 935 ad
700 893 806 935 hoc:
845 892 1026 947 Species
1057 899 1164 947 apta
1195 898 1261 934 est
1293 892 1349 934 ad
1382 891 1500 934 aliud
1530 890 1534 947 Ι
1562 892 1624 932 in-
1653 909 1752 943 109a
1772 910 1801 934 1.

89 962 331 1013 dividuum,
362 976 468 1016 ergo
504 968 654 1004 autem
686 963 741 1004 ad
775 962 892 1004 aliud
925 962 1199 1004 individuum
1230 958 1236 1016 Ι
1263 962 1380 1015 quod
1418 960 1626 1015 possibile
1650 970 1688 1002 O.
1709 979 1746 1011 31
1766 982 1798 1003 a.

89 1037 155 1073 est
186 1044 279 1072 esse
310 1037 387 1072 aut
418 1032 538 1085 quod
569 1045 654 1073 non
684 1037 830 1085 potest
859 1044 964 1072 esse.
1031 1031 1077 1073 Si
1108 1031 1252 1084 primo
1274 1031 1420 1081 modo,
1442 1030 1630 1070 habetur

87 1100 362 1155 propositum
379 1101 498 1154 quod
512 1100 657 1154 plures
676 1100 828 1141 mundi
843 1106 944 1141 sunt
961 1099 1200 1154 possibiles,
1220 1100 1254 1142 si
1273 1100 1463 1141 secundo
1482 1099 1628 1150 modo,

29 1184 67 1218 15
87 1168 207 1210 nulla
241 1176 307 1211 est
340 1175 444 1210 tunc
475 1170 679 1224 aptitudo
710 1170 765 1210 ad
802 1169 938 1223 plura,
972 1169 1074 1223 quia
1106 1169 1311 1222 aptitudo
1348 1173 1450 1209 ante
1487 1167 1629 1222 priva-

86 1237 260 1278 cionem
291 1244 415 1279 actus
447 1251 533 1279 non
562 1239 789 1280 ordinatur
819 1239 876 1279 ad
908 1237 1173 1293 inpossibile,
1203 1237 1304 1277 licet
1344 1243 1445 1290 post
1482 1237 1624 1290 priva-

86 1305 271 1357 cionem‚
296 1313 344 1348 ut
371 1307 415 1347 in
444 1320 546 1348 ceco
568 1307 748 1348 homine
770 1313 836 1348 est
858 1306 1185 1360 inpossibilitas,
1207 1311 1274 1346 set
1295 1306 1337 1346 in
1359 1304 1506 1346 catulo
1527 1312 1629 1347 ante

85 1387 250 1415 nonum
281 1375 397 1416 diem
428 1388 514 1416 non
548 1381 614 1416 est
647 1374 973 1430 inpossibilitas,
1001 1388 1105 1428 ergo
1137 1387 1226 1415 non
1261 1374 1342 1415 erit
1375 1374 1628 1415 universale.

86 1443 337 1485 Dicendum
364 1451 430 1486 est
458 1444 578 1498 quod
601 1445 805 1498 aptitudo
831 1444 991 1499 speciei
1013 1444 1070 1484 ad
1093 1441 1347 1498 inpossibile
1369 1448 1435 1484 est
1457 1457 1482 1483 a
1504 1449 1630 1495 parte

26 1528 67 1550 20
85 1511 311 1564 individui,
334 1519 378 1554 et
409 1526 496 1554 non
529 1514 585 1555 ad
617 1512 875 1566 inpossibile
906 1526 932 1553 a
962 1519 1088 1567 parte
1118 1512 1198 1563 sui,
1221 1518 1266 1554 et
1298 1512 1398 1553 ideo
1431 1518 1629 1553 remanet

0 1570 2 1573 V
84 1581 290 1638 aptitudo
315 1596 400 1636 que
429 1581 534 1624 facit
563 1582 768 1637 speciem.
832 1582 893 1623 Et
921 1581 1002 1622 hec
1030 1581 1180 1622 omnia
1208 1594 1265 1621 ex
1290 1579 1626 1633 Methaphisicis

84 1657 289 1692 constant
317 1651 569 1694 certificata.
635 1650 713 1693 Set
741 1651 811 1693 hic
843 1657 992 1691 tamen
1021 1656 1201 1704 propter
1232 1663 1382 1691 casum
1405 1649 1626 1702 specialis-

82 1719 243 1760 simum
267 1720 310 1760 in
340 1733 429 1774 quo
460 1719 577 1761 cadit
604 1719 686 1761 hec
714 1719 872 1774 speciei
899 1719 1104 1773 aptitudo
1133 1718 1329 1772 oportuit
1351 1717 1624 1772 pertractari,

83 1788 187 1841 quia
224 1789 278 1830 de
311 1788 432 1830 nulla
469 1789 613 1843 specie
649 1802 734 1842 que
770 1788 933 1829 habeat
969 1787 1096 1841 plura
1137 1786 1362 1827 individua
1399 1792 1464 1827 est
1501 1791 1626 1827 tanta

24 1872 63 1905 25
84 1858 320 1899 necessitas
349 1858 719 1899 consideracionis
751 1857 861 1898 sicut
892 1856 963 1898 hic
995 1857 1107 1898 circa
1140 1856 1355 1898 unitatem
1384 1856 1550 1906 mundi,
1580 1861 1626 1897 et

84 1926 245 1968 deinde
267 1927 381 1968 circa
403 1927 490 1968 alia
513 1927 692 1969 celestia
713 1933 760 1968 ut
783 1927 838 1967 de
861 1925 951 1967 sole
974 1932 1016 1967 et
1039 1925 1190 1967 stellis.
1246 1924 1366 1966 vNam
1389 1924 1625 1966 consimilis

84 2001 151 2037 est
176 1996 291 2037 racio
323 1996 392 2038 hic
424 2002 469 2038 et
501 1997 675 2051 ubique,
701 1996 803 2037 licet
834 1994 973 2049 major
1001 1995 1231 2037 contencio
1256 1993 1622 2049 philosophorum

83 2063 211 2106 suerit
232 2064 342 2107 circa
366 2065 517 2106 mundi
541 2065 769 2107 unitatem.

143 2178 392 2233 Capitulum
416 2186 481 2235 3¹1².
537 2178 681 2233 <quod
693 2194 777 2221 non
784 2185 929 2234 potest
946 2192 1032 2221 esse
1047 2185 1199 2232 corpus
1213 2184 1340 2219 extra
1357 2177 1612 2231 mundum).

21 2294 62 2326 30
141 2270 243 2311 Hiis
273 2270 533 2324 certificatis,
564 2277 667 2313 sunt
697 2271 866 2312 diverse
891 2271 1099 2312 veritates
1124 2283 1310 2311 annexe.
1373 2269 1491 2310 Nam
1515 2269 1617 2310 licet

82 2340 274 2381 mundus
290 2340 343 2381 sit
366 2353 491 2391 unus,
507 2345 656 2381 tamen
679 2339 814 2394 aliqui
837 2341 1151 2382 estimaverunt
1175 2339 1294 2392 quod
1314 2336 1524 2392 possibile
1545 2344 1613 2378 est

81 2421 238 2462 corpus
269 2408 451 2462 aliquod
483 2423 578 2450 esse
609 2415 737 2450 extra
770 2409 1012 2458 mundum;
1057 2409 1177 2462 quod
1213 2413 1364 2449 tamen
1400 2420 1494 2448 esse
1531 2419 1618 2448 non

120 2520 141 2540 .1
167 2509 204 2551 a]
237 2520 281 2541 ex
314 2509 345 2540 O
477 2520 497 2540 2
523 2509 620 2551 apte]
652 2521 672 2541 a
703 2514 798 2550 parte
831 2509 862 2541 Ο
995 2520 1016 2550 3
1040 2507 1249 2549 complecio]
1280 2507 1559 2547 complimentum
1592 2507 1623 2539 Ο

81 2571 99 2601 7
124 2566 239 2593 tamen
256 2571 324 2593 om.
343 2561 386 2592 M
517 2562 580 2601 7-8
603 2562 699 2601 cujus
716 2586 724 2594 .
742 2586 750 2594 .
769 2585 776 2593 .
793 2561 862 2603 set]
878 2566 1022 2602 apperte
1037 2561 1171 2592 accidet
1188 2570 1295 2599 error,
1312 2564 1366 2591 set
1382 2570 1401 2591 a
1418 2564 1516 2600 parte
1532 2559 1622 2591 illius

79 2617 237 2652 respectu
254 2613 346 2652 cujus
363 2618 415 2644 est
431 2613 585 2653 aptitudo
601 2613 733 2645 scilicet
746 2613 776 2644 O
869 2614 909 2644 16
926 2613 1145 2654 inpossibile]
1159 2611 1321 2652 possibile
1334 2611 1377 2641 M
1466 2621 1504 2650 17
1522 2611 1620 2652 ceco]

80 2669 152 2696 toto
169 2664 211 2695 M
296 2665 555 2706 inpossibilitas]
574 2665 780 2705 possibilitas
796 2665 839 2695 M
952 2675 991 2696 21
1020 2662 1294 2704 Methaphisicis]
1315 2662 1566 2694 Mathematicis
1582 2663 1625 2694 M

79 2725 121 2756 24
139 2715 223 2757 que]
241 2726 284 2748 an
303 2716 334 2748 O
377 2721 470 2748 tanta
482 2727 549 2748 om.
562 2716 604 2747 M
689 2726 731 2757 25
755 2717 1057 2758 consideracionis]
1077 2715 1287 2748 condicionis
1304 2713 1345 2744 M
1446 2724 1487 2754 29
1505 2725 1571 2747 om.
1591 2715 1623 2746 O

79 2780 122 2821 go
138 2771 289 2813 diverse]
301 2771 367 2803 due
381 2770 411 2801 Ο
542 2781 584 2811 32
600 2772 714 2813 extra]
728 2771 816 2803 ultra
831 2772 858 2803 O
