1945 3079
113 1258 175 1290 128
193 1268 213 1289 a
232 1265 259 1287 2.

999 16 1083 71 438

269 139 422 180 orbem
447 135 723 177 ecentricum.
791 133 852 174 Et
873 138 1113 186 antequam
1137 139 1349 186 arguatur
1369 137 1522 174 contra
1551 131 1819 186 posicionem

268 219 503 261 corporum
527 203 824 260 epiciclorum‚
843 202 1086 244 videndum
1109 208 1174 243 est
1197 204 1252 244 de
1271 203 1462 256 quadarn
1481 200 1822 256 ymaginacione

270 277 595 325 modernorum,
618 287 706 327 qua
729 278 914 314 utuntur
931 273 1050 313 dicta
1079 272 1436 313 inconveniencia
1457 271 1596 313 vitare
1618 275 1663 311 et
1684 283 1822 325 appa-

270 346 459 387 renciam
482 344 651 386 salvare
674 357 752 398 per
773 342 1013 384 ecentricos
1036 349 1079 383 et
1101 341 1320 396 epiciclos.

328 415 372 456 Y
377 415 658 469 maginantur
694 419 843 454 autem
881 425 1018 452 unum
1062 411 1307 464 quemlibet
1348 410 1501 451 orbem
1545 408 1823 464 planetarum
1844 425 1863 458 5

271 485 409 527 dividi
434 485 476 524 in
499 490 587 524 tres
606 483 734 523 orbes
752 480 964 536 parciales
980 493 988 531 3
1021 487 1064 522 et
1087 486 1154 522 est
1176 481 1317 521 tocius
1332 480 1448 521 orbis
1463 485 1553 520 tam
1573 470 1826 533 superficies

273 568 476 597 convexa
517 567 654 607 quam
689 565 883 594 concava
920 550 1223 601 concentrica;
1277 551 1391 591 inter
1426 563 1535 603 quas
1573 548 1827 603 superficies

273 625 590 679 ymaginantur
621 635 754 663 unam
778 621 873 675 ejus
902 627 1073 675 partem
1103 619 1416 674 superficiebus
1437 619 1618 674 spericis
1646 611 1828 672 eduedi-

275 694 493 736 stantibus
522 699 566 734 et
594 691 881 734 concentricis
911 689 1195 732 terminatam
1226 696 1271 731 et
1300 689 1379 731 hec
1409 690 1502 743 ejus
1523 702 1625 743 pars
1645 693 1829 729 vocatur

276 764 395 806 orbis
432 763 611 818 planete
649 761 891 803 ecentricus
917 776 925 810 3
978 767 1022 800 et
1059 773 1159 801 cum
1202 773 1380 800 necesse
1398 754 1401 755 ⁷
1421 759 1553 800 fuerit
1595 765 1830 811 utramque
1851 772 1892 794 10

276 834 474 889 parcium
504 837 806 872 extremarum
829 829 1141 884 superficiebus
1172 842 1260 870 non
1282 828 1656 882 equidistantibus
1681 826 1830 868 termi-

277 903 384 954 nari,
420 909 463 944 et
502 902 563 942 ita
599 902 642 942 in
676 901 765 942 suis
804 900 1001 953 partibus
1038 901 1282 941 secundum
1320 899 1650 953 spissitudinem
1692 896 1831 951 partis

278 972 427 1013 infime
470 971 652 1012 minime
692 970 1025 1024 spissitudinem
1064 983 1300 1023 suppreme
1337 969 1503 1010 directe
1545 967 1734 1022 supponi
1776 972 1832 1015 et,

278 1057 301 1083 e
317 1042 548 1095 contrario,
569 1041 798 1082 minimam
825 1040 1023 1082 maxime
1046 1039 1197 1080 infime
1218 1051 1467 1093 suppreme,
1490 1043 1538 1079 ut
1559 1051 1640 1079 nec
1663 1036 1834 1078 accidat

279 1113 394 1154 inter
412 1111 509 1153 illas
527 1117 674 1166 partes
690 1124 895 1160 vacuum,
913 1123 992 1151 nec
1008 1123 1165 1164 corpus
1181 1109 1363 1150 alterius
1381 1114 1550 1157 nature,
1564 1119 1644 1148 nec
1662 1106 1834 1153 accidet
1855 1116 1895 1149 15

280 1197 338 1223 ex
372 1188 496 1222 motu
531 1180 717 1234 alicujus
751 1194 828 1221 sue
865 1180 1013 1234 partiS,
1049 1179 1133 1221 hoc
1167 1179 1254 1220 situ
1293 1192 1383 1219 non
1425 1183 1612 1225 mutato,
1644 1177 1833 1217 duorum

279 1264 514 1306 corporum
556 1250 757 1292 simultas
797 1250 963 1301 locans,
1000 1263 1080 1291 nec
1121 1249 1316 1303 corporis
1359 1247 1530 1290 celestis
1559 1247 1564 1302 Ι
1592 1245 1834 1288 diversitas.

285 1323 415 1364 Ponit
453 1321 587 1374 igitur
621 1327 792 1375 partem
837 1321 1045 1370 mediam,
1084 1320 1246 1360 scilicet
1289 1318 1442 1359 orbem
1481 1316 1751 1358 ecentricum
1794 1315 1837 1355 in

281 1391 495 1434 continuo
525 1391 692 1431 moveri
722 1390 836 1431 circa
868 1396 1067 1431 centrum
1098 1389 1340 1443 proprium,
1363 1403 1421 1430 ex
1452 1387 1575 1441 cujus
1600 1391 1723 1429 motu
1747 1398 1836 1427 non

286 1461 533 1503 mutabitur
558 1460 668 1501 situs
690 1459 922 1514 predictus.
1860 1470 1902 1493 20
1931 1468 1934 1469 ⁷

345 1531 407 1572 Et
437 1531 507 1571 hic
529 1529 772 1571 ecentricus
795 1528 956 1570 sufficit
978 1530 1035 1570 ad
1053 1529 1311 1571 salvandam
1336 1527 1646 1582 apparenciam
1665 1526 1707 1567 in
1730 1524 1840 1575 sole,

285 1601 319 1643 si
344 1613 562 1654 ponamus
586 1599 738 1640 Solem
772 1599 846 1653 figi
870 1600 913 1640 in
937 1599 1044 1653 ipso,
1068 1599 1128 1640 ita
1153 1600 1272 1653 quod
1296 1612 1383 1640 non
1408 1598 1600 1640 excedat
1622 1595 1835 1639 extremi-

288 1677 402 1711 tates
431 1671 537 1724 ejus,
560 1676 602 1710 et
625 1669 680 1710 ad
708 1675 880 1710 motum
914 1669 1008 1722 ejus
1039 1669 1218 1711 moveri.
1285 1669 1335 1710 In
1359 1668 1455 1709 aliis
1477 1675 1626 1710 autem
1650 1665 1840 1720 planetis

288 1741 331 1781 in
364 1740 521 1793 quibus
552 1739 809 1793 ponendum
833 1745 898 1780 est
921 1738 1160 1780 ecentricos
1184 1745 1227 1780 et
1250 1738 1467 1792 epiciclos‚
1489 1736 1840 1792 ymaginandum

290 1816 356 1852 est
380 1811 422 1850 in
445 1809 699 1863 hujusmodi
729 1809 835 1850 orbe
858 1809 1076 1850 ecentrico
1100 1809 1327 1862 quoddam
1352 1822 1508 1862 corpus
1530 1805 1841 1862 corpusculum
1864 1816 1904 1850 ²5

289 1880 559 1923 elementum
591 1879 807 1934 spericum
842 1878 976 1932 infigi,
1009 1878 1176 1920 habens
1210 1878 1350 1920 solam
1386 1878 1731 1927 convexitatem,
1753 1888 1842 1916 non

289 1949 626 2000 concavitatem,
644 1950 766 2004 cujus
790 1950 1073 2002 dyametrum
1093 1948 1222 1990 fuerit
1243 1948 1488 1989 secundum
1512 1946 1842 2000 spissitudinem

291 2019 410 2061 orbis
441 2019 646 2060 ecentrici
681 2027 729 2060 ut
763 2018 964 2059 infimum
998 2018 1090 2071 ejus
1122 2018 1362 2059 secundum
1398 2016 1493 2070 ejus
1527 2015 1738 2066 medium,
1767 2027 1843 2056 seu

293 2096 504 2139 centrum,
528 2090 570 2129 in
596 2090 742 2130 medio
765 2088 1063 2142 spissitudinis
1087 2088 1218 2137 orbis,
1243 2088 1387 2142 ipsum
1410 2100 1497 2128 non
1522 2085 1726 2127 excedat.
1791 2083 1846 2124 In

293 2160 376 2200 hoc
400 2166 549 2200 autem
567 2159 828 2213 corpusculo
852 2172 1015 2211 ponam
1040 2158 1265 2212 planetam
1283 2157 1447 2208 situari‚
1463 2157 1524 2197 ita
1547 2155 1666 2210 quod
1690 2167 1844 2196 eorum
1867 2163 1910 2195 30

294 2229 602 2270 convexitates
639 2243 686 2269 se
724 2229 911 2270 invicem
949 2226 1150 2281 tangant.
1228 2227 1329 2268 Hoc
1368 2227 1500 2282 igitur
1516 2223 1843 2279 -corpusculum

296 2305 498 2339 movetur
516 2299 629 2339 circa
647 2305 846 2339 centrum
867 2298 1095 2352 proprium
1111 2297 1316 2338 continue
1334 2295 1575 2338 deferendo
1593 2294 1817 2348 planetam
1837 2307 1847 2344 ;

296 2381 374 2422 per
392 2367 514 2421 cujus
530 2375 702 2409 motum
718 2368 925 2409 describit
944 2367 1121 2422 planeta
1137 2365 1349 2408 circulum
1373 2379 1505 2420 quem
1528 2377 1739 2406 vocamus
1756 2363 1848 2417 epi-

297 2437 454 2477 ciclum
475 2451 483 2487 ;
517 2444 721 2478 movetur
750 2437 889 2478 eciam
922 2451 999 2490 per
1030 2443 1204 2478 motum
1227 2435 1346 2477 orbis
1369 2434 1587 2485 ecentrici,
1611 2447 1700 2488 quo
1724 2438 1847 2474 motu

299 2507 509 2548 describit
528 2506 621 2560 ejus
639 2513 840 2548 centrum
857 2506 1070 2548 circulum
1094 2506 1167 2559 qui
1192 2505 1352 2547 dicitur
1374 2504 1618 2545 ecentricus
1634 2502 1848 2544 deferens.
1871 2509 1911 2544 35

360 2576 434 2616 Ex
477 2576 560 2617 hac
601 2576 735 2631 igitur
776 2576 1118 2631 ymaginacione
1165 2588 1252 2616 non
1293 2575 1463 2615 videtur
1501 2572 1623 2626 sequi
1647 2570 1849 2624 ‘aliquod

301 2647 521 2688 dictorum
566 2647 986 2696 inconveniencium‚
1029 2652 1074 2686 et
1122 2652 1271 2686 tamen
1318 2643 1535 2696 contingit
1578 2655 1655 2696 per
1704 2641 1848 2695 ipsum

301 2716 610 2769 apparenciam
634 2716 818 2767 salvare,
841 2716 952 2757 sicut
975 2716 1104 2756 docet
1139 2712 1436 2762 Ptholomeus‚
1460 2711 1663 2753 videlicet
1692 2709 1850 2752 stacio-
