1945 3079
817 130 900 170 409

94 229 261 271 Verum
303 228 419 269 enim
463 234 530 270 est
565 229 685 282 quod
721 227 838 269 solus
876 234 1022 269 motus
1055 242 1142 270 non
1176 228 1334 270 sufficit
1369 231 1424 271 ad
1459 243 1628 271 sonum.

98 298 210 339 Dico
243 298 372 352 igitur
403 297 521 350 quod
554 297 610 337 ad
645 303 815 338 motum
848 296 973 338 stelle
1004 297 1196 351 exigitur
1229 298 1383 340 divisio
1422 299 1547 349 orbis,
1587 305 1630 340 et

95 367 150 408 ad
186 366 445 407 divisionem
475 365 666 418 exigitur
695 365 978 406 contrarietas
1008 366 1119 407 inter
1149 367 1306 407 durum
1336 372 1380 408 et
1413 367 1554 418 molle,
1586 373 1629 408 et

96 435 237 489 posita
266 434 558 488 possibilitate
579 433 708 487 hujus
729 435 1062 485 contrarietatis,
1086 436 1265 488 ponitur
1286 436 1551 489 possibilitas
1572 437 1628 477 ad

57 523 75 556 5
94 516 264 544 sonum.
327 503 443 543 Nam
472 503 723 556 percuciens
750 509 925 557 oportet
957 504 1075 556 quod
1102 503 1158 544 sit
1189 503 1360 554 durum,
1384 510 1427 545 et
1458 504 1631 558 insuper

94 569 310 612 divisione
339 571 452 612 facta
480 571 686 624 percussi,
708 577 882 624 oportet
911 578 1057 625 partes
1083 573 1274 613 residuas
1306 573 1560 627 congregari
1586 579 1631 613 et

94 639 352 682 condensari
390 645 439 680 ut
474 640 677 681 resistant
710 640 874 682 accioni
910 641 1207 694 percussionis,
1240 647 1283 681 et
1320 641 1419 682 ideo
1456 647 1631 694 oportet

94 709 213 762 quod
251 709 308 750 sit
348 707 433 749 alia
474 709 758 750 contrarietas
796 708 1014 762 possibilis
1051 710 1125 750 ubi
1167 722 1299 749 sonus
1341 716 1416 760 est,
1453 709 1629 759 scilicet,

94 775 327 818 rarefaccio
353 782 396 817 et
418 777 722 818 condensacio.
776 777 894 817 Nam
912 777 1018 818 clum
1040 783 1187 830 potest
1209 778 1460 831 percuciens
1484 785 1629 831 partes

38 859 76 881 10
93 845 287 886 dividere
323 845 528 899 percussi,
565 858 653 887 non
690 845 740 887 fit
776 859 907 886 sonus
945 860 1003 887 ex
1039 846 1081 886 vi
1118 847 1419 899 percussionis,
1454 852 1501 887 ut
1537 847 1631 888 vult

92 912 355 957 Aristoteles
377 915 572 956 secundo
594 913 645 954 de
665 914 847 964 Anima,
871 921 914 955 et
944 914 1043 955 ideo
1072 928 1145 955 aer
1172 921 1215 956 et
1244 915 1429 969 spongia
1456 922 1499 956 et
1531 915 1631 956 lana

93 981 207 1023 male
229 988 387 1023 sonant
401 983 481 1023 nisi
500 997 659 1036 magna
676 983 732 1024 sit
749 997 900 1024 eorum
919 984 1223 1036 condensacio,
1242 998 1325 1037 que
1342 985 1631 1025 condensacio

90 1050 188 1092 loco
210 1051 390 1093 duriciei
412 1051 600 1093 sufficiat
622 1066 647 1093 a
667 1057 792 1105 parte
814 1053 1016 1107 percussi.
1068 1051 1147 1093 Set
1170 1059 1323 1094 neutra
1345 1053 1630 1094 contrarietas

92 1120 135 1160 in
168 1119 264 1161 celo
286 1127 364 1161 est.
419 1121 665 1163 Procedunt
688 1121 820 1175 igitur
841 1122 926 1162 due
947 1122 1143 1162 raciones
1168 1122 1308 1176 prime
1337 1123 1456 1175 quod
1487 1122 1630 1163 solum

34 1206 72 1240 15
93 1194 240 1229 motus
255 1202 342 1229 non
361 1189 461 1230 facit
476 1203 644 1240 sonum,
660 1197 726 1231 set
742 1191 1072 1232 contrarietates
1083 1191 1279 1243 predicte
1293 1204 1464 1231 annexe
1481 1191 1632 1231 motui.

153 1256 285 1311 Quod
305 1259 439 1299 tercio
457 1258 645 1300 obicitur
661 1259 843 1300 solvitur
857 1273 934 1313 per
955 1259 1037 1300 hoc
1055 1261 1171 1312 quod
1191 1260 1248 1301 ad
1269 1260 1376 1300 alias
1399 1259 1633 1312 qualitates

92 1325 320 1367 sensibiles
334 1327 613 1379 requiruntur
621 1328 767 1381 plures
781 1328 1129 1377 contrarietates,
1139 1328 1301 1369 scilicet
1317 1329 1429 1369 inter
1443 1327 1632 1369 calidum

91 1401 136 1436 et
165 1393 370 1448 frigidum
403 1401 447 1436 et
473 1395 585 1436 inter
612 1396 845 1437 humidum
874 1403 918 1438 et
951 1397 1128 1438 siccum.
1191 1397 1309 1437 Nam
1340 1397 1396 1437 ad
1425 1396 1508 1437 hoc
1530 1410 1631 1437 con-

91 1463 301 1516 sequitur,
320 1469 363 1504 et
384 1477 515 1505 sonus
533 1477 620 1505 non
643 1465 839 1518 sequitur
860 1466 916 1505 ad
934 1465 1028 1514 hoc,
1047 1478 1128 1506 nec
1151 1465 1290 1518 exigit
1307 1464 1388 1505 hec
1403 1465 1632 1515 contraria,

35 1551 75 1574 20
92 1532 357 1573 sufficienter
379 1532 494 1573 enim
525 1539 730 1574 causatur
751 1547 776 1573 a
798 1533 1183 1574 contrarietatibus
1212 1532 1382 1574 duabus
1414 1533 1632 1587 predictis,

92 1606 136 1642 et
151 1607 331 1654 propter
346 1600 430 1642 hoc
447 1615 546 1642 cum
563 1600 635 1644 ille
653 1601 806 1643 fierent
824 1603 867 1642 in
891 1601 984 1643 celo
1005 1601 1040 1643 si
1065 1609 1312 1643 moveretur
1333 1601 1471 1652 stella,
1491 1602 1634 1656 arguit

84 1668 359 1710 ‘Aristoteles
390 1683 549 1710 sonum
572 1669 676 1721 fieri,
698 1676 742 1711 et
765 1684 851 1711 non
878 1670 986 1711 alias
1015 1670 1251 1723 qualitates
1273 1669 1507 1720 sensibiles,
1530 1671 1633 1724 quia

91 1737 354 1792 principales
373 1744 416 1779 et
437 1740 578 1792 prime
595 1753 682 1780 non
701 1745 801 1780 sunt
825 1739 883 1779 ibi
903 1745 1083 1792 propter
1101 1745 1271 1780 motum
1295 1745 1338 1779 et
1361 1738 1630 1789 divisionem,

91 1818 177 1859 que
196 1813 296 1848 sunt
319 1806 510 1848 calidum
535 1813 579 1848 et
602 1807 818 1860 frigidum,
842 1807 1071 1847 humidum
1095 1813 1139 1848 et
1167 1807 1347 1857 siccum,
1370 1812 1414 1847 et
1440 1806 1523 1848 alie
1545 1820 1632 1847 non

33 1892 72 1925 25
92 1881 192 1915 sunt
214 1875 305 1916 sine
328 1875 438 1926 istis,
468 1876 578 1916 sicut
601 1882 775 1930 oportet
800 1876 932 1916 modo
964 1888 1224 1928 supponere.
1278 1876 1373 1916 Nec
1405 1882 1470 1916 est
1502 1875 1632 1916 cavil-

94 1942 207 1984 lacio
230 1943 462 1997 possibilis,
485 1945 564 1984 nisi
587 1952 699 1985 esset
722 1945 776 1985 de
799 1943 943 1985 colore
969 1944 1044 1996 qui
1070 1943 1246 1997 ponitur
1267 1944 1433 1984 causari
1456 1957 1514 1985 ex
1538 1958 1633 1997 per-

92 2012 246 2065 spicuo
261 2018 306 2053 et
323 2011 432 2053 luce.
472 2012 551 2054 Set
569 2013 677 2054 falsa
706 2012 710 2067 Ι
738 2019 802 2054 est
820 2013 900 2053 hec
919 2013 1082 2065 posicio
1101 2019 1143 2053 et
1161 2018 1313 2053 contra
1330 2011 1632 2062 Aristotelem,

93 2086 142 2121 ut
162 2080 420 2135 probabitur
441 2081 631 2133 inferius,
648 2096 700 2123 eo
718 2082 836 2134 quod
854 2081 1118 2122 Aristoteles
1140 2082 1267 2122 docet
1291 2080 1401 2122 libro
1418 2081 1470 2122 de
1494 2081 1632 2122 sensu

90 2154 135 2190 et
156 2149 342 2190 Sensato
363 2150 530 2191 colores
546 2151 667 2204 sequi
690 2151 745 2191 ad
764 2151 988 2192 accionem
1011 2150 1345 2191 convenientem
1369 2149 1631 2203 qualitatum

33 2233 74 2266 30
91 2217 344 2271 primarum.
393 2217 474 2260 Set
492 2219 592 2260 licet
610 2233 743 2260 sonus
761 2219 883 2260 fieret
897 2219 940 2259 in
957 2217 1201 2269 celestibus,
1217 2219 1391 2260 videtur
1408 2218 1525 2272 quod
1544 2232 1633 2259 non

93 2286 218 2328 fieret
239 2286 462 2328 horribilis
485 2294 529 2328 et
551 2288 829 2342 corruptivus
854 2293 899 2328 ut
921 2286 999 2328 has
1023 2300 1089 2327 res
1121 2286 1345 2328 inferiores
1376 2287 1631 2337 destrueret,

94 2356 198 2408 quia
219 2355 336 2396 orbis
358 2355 438 2396 celi
457 2362 524 2397 est
545 2357 588 2396 in
607 2356 692 2397 fine
709 2356 901 2397 raritatis
918 2362 961 2397 et
983 2354 1182 2396 subtilior
1203 2369 1315 2396 aere.
1368 2355 1445 2397 Set
1468 2356 1510 2396 in
1532 2369 1633 2396 aere

94 2437 204 2478 puro
226 2438 314 2465 non
337 2430 486 2478 potest
507 2424 599 2465 fieri
617 2439 749 2466 sonus
766 2423 998 2465 horribilis.
1053 2423 1170 2464 Nam
1194 2438 1326 2465 sonus
1343 2425 1522 2466 tonitrui
1545 2437 1633 2465 non

93 2493 144 2533 fit
161 2499 341 2547 propter
357 2507 518 2545 aerem,
534 2500 600 2535 set
618 2492 666 2534 fit
683 2499 862 2547 propter
878 2492 1016 2533 nubes
1033 2492 1286 2546 congelatas
1301 2499 1344 2535 et
1360 2506 1545 2547 vapores
1562 2507 1634 2534 co-

34 2575 74 2608 35
92 2561 295 2615 agulatos
315 2562 356 2602 in
379 2576 564 2616 corpora
577 2563 687 2604 dura
701 2562 959 2604 collidencia
984 2574 1031 2602 se
1055 2568 1099 2603 et
1125 2562 1379 2613 dividenda,
1400 2575 1534 2616 quare
1558 2568 1635 2603 aut

93 2643 180 2672 non
196 2630 318 2673 fieret
332 2645 463 2672 sonus
477 2631 689 2673 autvalde
703 2629 871 2682 debilis,
882 2637 926 2672 et
940 2631 1040 2673 ideo
1055 2631 1316 2673 insensibilis
1330 2631 1455 2673 nobis
1469 2645 1494 2672 a
1509 2636 1632 2673 tanta

140 2799 175 2820 ιι
202 2791 248 2820 de
265 2789 418 2830 Anima]
437 2789 468 2820 ii.
489 2790 537 2828 78.
675 2790 785 2829 28-29
809 2792 853 2821 de
875 2791 996 2821 sensu
1012 2793 1050 2821 ot
1069 2788 1243 2830 sensato]
1261 2799 1287 2820 c.
1309 2799 1340 2828 3.

1654 2031 1750 2064 119a
1769 2031 1799 2056 1.
