1945 3079
840 105 924 147 333

111 221 196 262 que
219 213 285 248 est
307 221 331 248 a
356 206 513 256 medio,
537 206 640 258 quia
661 212 762 246 sunt
791 221 816 246 a
846 207 1042 247 terminis
1071 209 1312 260 contrariis,
1333 222 1436 262 ergo
1467 208 1540 249 illa
1568 222 1653 262 que

111 275 403 318 essencialiter
430 281 496 316 est
529 275 641 316 circa
674 276 910 316 terminum
945 290 1091 325 unum,
1123 277 1287 319 scilicet
1323 278 1532 327 medium,
1564 290 1650 317 non

108 345 244 387 habet
259 344 614 386 contrarietatem
635 343 734 384 licet
752 345 975 396 quandam
991 345 1291 387 diversitatem
1306 346 1478 388 habeat.
1523 344 1602 387 Set
1617 345 1650 385 si

109 415 279 456 dicatur
303 413 423 468 quod
447 413 586 454 motui
608 412 805 453 circulari
829 413 872 452 in
895 413 1079 454 arcubus
1107 415 1181 466 qui
1214 421 1314 455 sunt
1342 415 1530 455 minores
1552 428 1653 468 por-

72 500 90 533 5
109 486 255 528 ciones
286 492 330 525 et
352 482 608 525 semicirculi
641 488 741 523 sunt
772 482 947 523 termini
980 483 1182 523 contrarii
1217 485 1361 525 eidem
1393 485 1466 538 qui
1488 490 1586 525 sunt
1610 483 1653 523 in

110 560 234 596 motu
267 560 397 603 reem,
419 552 595 601 scilicet,
618 552 791 592 termini
815 553 1048 604 dyametri‚
1078 558 1125 592 ut
1148 553 1292 594 oriens
1315 560 1359 594 et
1381 554 1585 595 occidens
1607 554 1649 592 in

109 623 288 674 mundo,
309 622 378 663 vel
400 622 640 663 secundum
663 621 772 661 alios
794 622 1064 674 dyametros,
1085 635 1221 674 quare
1241 622 1417 662 videtur
1438 636 1532 663 esse
1553 635 1651 663 con·

108 692 310 734 trarietas
343 692 385 732 in
417 691 478 732 eis
510 691 620 730 sicut
643 690 686 730 in
711 696 834 730 motu
862 697 1010 731 recto:
1044 690 1279 732 dicendum
1312 691 1431 743 quod
1453 691 1496 730 in
1530 690 1651 731 nullo

109 762 291 803 istorum
316 761 548 801 modorum
574 765 719 812 potest
741 773 836 800 esse
858 759 1158 810 contrarietas,
1181 765 1224 800 et
1252 760 1396 812 primo
1421 760 1541 812 quod
1563 772 1649 799 non

50 843 90 866 10
107 831 294 871 sumitur
321 829 606 871 contrarietas
628 841 760 880 super
792 828 981 869 minores
1013 828 1240 882 porciones
1268 835 1312 869 et
1343 827 1651 869 semicirculos,

109 900 226 941 Nam
250 899 446 940 maxima
469 897 682 938 distancia
714 897 827 937 inter
852 897 962 937 duos
984 897 1194 937 terminos
1225 911 1302 950 per
1331 910 1461 937 unam
1490 896 1648 937 lineam

107 969 391 1021 designatur3
417 966 494 1008 sed
531 980 656 1007 arcus
688 966 800 1006 inter
836 967 946 1007 duos
977 967 1187 1006 terminos
1217 964 1221 1021 Ι
1248 972 1432 1020 possunt
1463 966 1649 1007 describi
1669 969 1709 1002 O.
1731 979 1769 1000 10
1785 982 1815 1002 a·

107 1037 275 1088 infiniti,
292 1052 397 1091 ergo
414 1036 556 1078 nullus
573 1050 724 1077 eorum
749 1036 959 1090 importat
982 1036 1240 1077 distanciam
1265 1037 1507 1077 maximam
1529 1052 1538 1085 3
1569 1050 1649 1077 nec

106 1114 255 1161 potest
286 1107 372 1147 dici
404 1107 523 1159 quod
554 1119 678 1146 arcus
711 1105 984 1155 semicirculi,
1016 1106 1117 1158 quia
1149 1106 1237 1146 duo
1270 1106 1326 1146 ad
1361 1105 1502 1146 minus
1534 1111 1646 1146 sunt.

50 1198 86 1230 15
107 1176 228 1229 Ergo
253 1183 430 1230 oportet
461 1176 581 1229 quod
614 1176 694 1216 hec
726 1175 941 1216 distancia
965 1176 1162 1216 maxima
1183 1189 1270 1228 que
1295 1175 1369 1216 uni
1395 1175 1527 1216 debet
1549 1189 1647 1216 con-

105 1245 253 1286 venire
274 1246 330 1286 sit
352 1259 484 1299 super
505 1245 665 1285 lineam
689 1250 852 1285 rectam
876 1244 988 1284 inter
1009 1245 1121 1285 duos
1143 1244 1367 1296 terminos,
1387 1245 1491 1297 quia
1513 1258 1648 1297 penes

106 1314 226 1355 illam
244 1314 383 1355 solam
402 1320 468 1354 est
482 1314 780 1355 contrarietas.
829 1314 954 1363 Item,
971 1327 1104 1354 unum
1120 1319 1292 1354 tantum
1315 1314 1388 1354 uni
1411 1314 1647 1355 contrarie-

106 1390 199 1425 tate
216 1384 357 1437 prima
371 1383 680 1425 contrariatur:
714 1390 780 1424 set
794 1382 864 1423 hic
878 1395 964 1422 non
980 1389 1047 1423 est
1064 1383 1349 1424 contrarietas
1371 1384 1452 1424 nisi
1473 1384 1647 1424 racione

107 1454 394 1494 terminorum
418 1453 614 1494 maxime
635 1452 860 1503 distancie,
883 1465 1001 1506 ergo,
1025 1466 1124 1493 cum
1148 1452 1306 1493 infiniti
1332 1466 1455 1494 arcus
1477 1454 1647 1506 possint

11 1558 14 1562 .
47 1542 88 1564 20
105 1522 218 1564 trahi
242 1529 286 1563 et
308 1522 398 1563 duo
420 1521 691 1570 semicirculi,
715 1522 798 1563 erit
822 1535 957 1562 unum
975 1522 1241 1562 contrarium
1260 1521 1454 1572 infinitis,
1473 1522 1651 1571 scilicet,

106 1600 251 1634 motus
288 1592 346 1634 ab
379 1592 417 1632 E
449 1592 490 1632 in
529 1592 566 1632 F
597 1605 728 1645 super
759 1604 1065 1645 quemcunque
1090 1590 1096 1646 Ι
1125 1604 1275 1632 arcum
1313 1592 1650 1634 contrariabitur
1667 1593 1748 1634 971>
1770 1601 1796 1624 1-

106 1663 246 1703 motui
268 1662 325 1702 ab
350 1662 385 1702 F
408 1662 450 1702 in
481 1661 520 1702 E
543 1674 675 1715 super
697 1674 849 1702 omnes
878 1660 1000 1710 alios
1023 1667 1067 1702 et
1096 1661 1153 1701 ad
1183 1661 1324 1701 minus
1352 1668 1499 1702 motus
1521 1675 1651 1715 super

104 1730 425 1772 semicirculum
465 1732 523 1772 ab
561 1731 600 1771 E
643 1731 686 1771 in
730 1731 766 1770 F
803 1731 1142 1772 contrariabitur
1184 1731 1322 1770 motui
1359 1744 1490 1784 super
1526 1731 1648 1772 illum

103 1801 426 1842 semicirculum
459 1802 516 1842 ab
550 1801 586 1841 F
619 1801 661 1840 in
693 1800 742 1850 B,
770 1807 814 1841 et
843 1800 1043 1841 similiter
1064 1813 1193 1853 super
1224 1799 1358 1840 alium
1388 1799 1444 1840 ab
1477 1801 1514 1841 F
1539 1802 1581 1841 in
1612 1801 1648 1840 B

44 1889 83 1921 25
103 1870 206 1925 quia
227 1885 253 1911 a
274 1871 462 1911 termino
484 1871 702 1911 contrario
720 1869 841 1910 fiunt.
897 1868 975 1910 Set
998 1883 1139 1922 neque
1157 1883 1292 1910 unum
1310 1869 1489 1911 infinitis
1507 1883 1649 1924 neque

103 1954 237 1981 unum
261 1940 434 1981 duobus
457 1940 741 1981 contrariatur
763 1953 839 1992 per
860 1939 1043 1980 eandem
1067 1939 1297 1980 racionem.

162 2010 258 2050 Nec
290 2016 355 2050 est
392 2010 536 2051 dicere
566 2009 685 2062 quod
722 2015 869 2050 motus
900 2022 1030 2062 super
1060 2022 1197 2049 unum
1229 2022 1379 2050 arcum
1417 2009 1649 2051 contraria-

102 2079 222 2120 bitur
257 2085 428 2120 tantum
467 2078 605 2120 motui
643 2092 775 2132 super
813 2079 1000 2119 eundem
1038 2092 1063 2118 a
1099 2078 1326 2119 contrariis
1363 2078 1574 2129 terminis,
1606 2085 1650 2120 et

103 2154 248 2189 motus
270 2161 404 2202 super
430 2147 562 2188 alium
593 2147 931 2189 contrariabitur
961 2148 1101 2189 motui
1131 2161 1261 2200 super
1288 2147 1423 2200 illum,
1445 2155 1488 2189 et
1513 2149 1573 2190 sic
1596 2149 1650 2189 de

44 2233 84 2265 30
101 2216 210 2266 aliis,
242 2224 285 2258 et
317 2218 380 2258 ita
412 2231 586 2272 semper
617 2230 753 2257 unum
787 2217 859 2257 uni
892 2217 1256 2268 contrariabitur;
1300 2218 1403 2270 quia
1434 2217 1514 2258 hec
1547 2231 1649 2259 con-

103 2288 302 2328 trarietas
316 2287 459 2328 solum
477 2287 647 2328 attendi
662 2292 808 2340 potest
824 2287 997 2328 racione
1012 2286 1301 2327 terminorum
1315 2289 1646 2335 contrariorum,

103 2362 146 2396 et
167 2356 278 2407 ideo,
302 2370 402 2397 cum
424 2356 622 2396 omnium
653 2369 833 2397 arcuum
864 2356 950 2397 sint
973 2355 1105 2396 iidem
1136 2356 1323 2403 termini,
1353 2363 1496 2399 motus
1518 2372 1647 2412 super

103 2438 237 2466 unum
259 2439 407 2466 arcum
431 2426 488 2467 ab
511 2439 598 2466 uno
622 2425 807 2466 termino
831 2424 912 2466 erit
933 2425 1177 2466 contrarius
1200 2425 1338 2466 motui
1361 2438 1489 2478 super
1511 2426 1646 2467 alium

101 2508 251 2536 arcum
273 2508 299 2535 a
321 2496 510 2536 termino
528 2495 759 2542 contrario,
777 2495 891 2535 sicut
907 2494 942 2534 si
960 2493 1114 2535 fierent
1131 2507 1261 2548 super
1275 2494 1464 2535 eundem
1481 2508 1645 2536 arcum.

43 2577 82 2610 35
160 2562 289 2614 Item,
312 2564 345 2606 si
369 2563 447 2605 hec
470 2564 701 2606 diversitas
730 2563 1021 2606 terminorum
1044 2563 1260 2604 sufficeret
1281 2563 1337 2604 ad
1360 2563 1644 2605 contrarieta-

146 2687 166 2715 4
189 2676 314 2718 motui]
331 2677 365 2708 in
383 2681 478 2709 motu
497 2677 527 2708 Ο
712 2686 752 2707 10
775 2675 920 2707 sumitur
935 2676 1158 2706 contrarietas
1174 2685 1239 2706 om.
1260 2674 1291 2704 O
1490 2685 1528 2714 14
1552 2674 1646 2715 quia]

103 2728 200 2768 quasi
213 2727 256 2758 M
388 2739 426 2768 17
453 2728 677 2760 contrarietas
692 2739 758 2759 om.
778 2727 821 2758 M
951 2728 990 2758 18
1015 2727 1140 2768 prima]
1159 2737 1226 2758 una
1245 2727 1275 2758 O
1409 2736 1451 2757 22
1476 2726 1526 2767 et]
1543 2727 1598 2757 vel
1617 2726 1648 2757 O

104 2790 145 2820 24
168 2785 202 2812 et
221 2805 228 2813 .
249 2804 255 2812 .
274 2804 281 2812 .
304 2780 332 2811 B
350 2791 418 2813 om.
436 2780 479 2811 M
607 2790 649 2820 34
674 2779 815 2821 fierent]
831 2779 926 2810 fieret
946 2779 976 2810 Ο
