1945 3079
122 1650 268 1683 122b1.

1020 67 1106 105 420

290 164 542 213 appareant.
610 159 669 198 Et
701 157 782 198 erit
815 157 1022 211 possibile
1056 163 1104 199 ut
1132 158 1371 212 aliquando
1403 160 1636 201 videantur
1670 161 1836 202 moveri

290 229 345 268 ad
379 228 605 276 orientem,
643 233 687 268 et
725 227 864 267 eciam
902 226 1141 280 aliquando
1179 229 1235 268 ad
1270 229 1558 278 occidentem,
1597 229 1837 283 aliquando

290 297 496 347 velocius,
538 297 779 350 aliquando
821 296 1017 348 tardius;
1064 303 1108 337 et
1149 297 1288 338 eciam
1331 298 1571 351 aliquando
1614 299 1839 352 quiescere

290 380 315 406 a
349 373 470 407 motu
503 366 589 407 alio
622 379 755 420 quam
788 380 814 406 a
852 372 974 407 motu
1007 366 1238 406 universali
1277 367 1430 420 primo.
1493 368 1596 408 Non
1629 374 1694 409 est
1732 374 1837 409 tunc

290 435 577 477 contrarietas
609 435 873 489 apparencie
902 435 958 476 ad
989 435 1222 486 racionem,
1243 449 1342 476 curn
1366 449 1453 477 non
1474 436 1531 478 sit
1561 436 1838 479 uniformitas
1856 449 1873 481 5

289 512 436 546 motus
459 512 660 560 respectu
683 504 881 559 ejusdem
912 504 1071 556 circuli,
1094 511 1293 559 respectu
1326 505 1450 559 cujus
1479 500 1664 560 apparet
1687 520 1837 555 eorum

289 575 576 618 uniformitas.

349 666 631 721 <Capitulum
654 673 723 721 3¹¹³.
785 667 836 708 de
860 674 976 708 motu
1001 667 1163 721 Solis.)

351 748 402 788 In
427 748 532 790 Sole
555 748 688 802 igitur
705 754 772 790 est
793 747 1024 789 diversitas
1042 748 1085 788 in
1107 762 1187 789 suo
1206 754 1328 790 motu
1346 762 1573 802 apparens.
1639 749 1743 791 Una.
1760 755 1840 801 est,

290 816 509 866 videlicet,
528 819 646 871 quod
665 817 907 870 aliquando
923 824 1107 871 apparet
1125 817 1331 867 velocior,
1349 818 1586 872 aliquando
1601 819 1778 872 tardior,
1795 825 1839 861 et
1861 837 1901 861 10

288 886 449 928 sufficit
470 887 712 928 secundum
730 886 1043 928 Ptholomeum
1066 900 1231 940 ponere
1250 893 1421 928 motum
1440 887 1532 940 ejus
1555 888 1599 928 in
1621 889 1839 931 ecentrico

289 962 477 1006 tantum,
508 955 577 996 vel
611 956 653 996 in
693 955 877 1008 epiciclo
911 961 1098 1006 tantum,
1133 962 1333 997 centrum
1367 956 1489 1009 cujus
1523 964 1753 1003 moveatur
1794 958 1838 999 in

289 1025 449 1066 circulo
473 1025 760 1067 concentrico.
827 1024 906 1066 Set
932 1031 1096 1076 tamen,
1119 1030 1167 1065 ut
1198 1025 1318 1074 dicit,
1341 1025 1500 1066 horum
1531 1026 1720 1067 duorum
1744 1040 1836 1068 mo-

289 1095 448 1135 dorum
468 1094 802 1135 conveniencior
815 1100 881 1135 est
895 1094 1062 1148 primus
1080 1099 1260 1148 propter
1278 1085 1490 1148 majorem
1509 1094 1837 1148 simplicitatem

288 1171 332 1204 et
353 1164 619 1205 facilitatem.
1726 1160 1730 1164 ’
1790 1182 1793 1185 ⁴
1860 1182 1898 1215 15

350 1233 665 1274 Diversitatem
691 1240 839 1274 autem
863 1235 1107 1288 predictam
1136 1234 1401 1288 apparencie
1424 1234 1467 1274 in
1492 1239 1615 1276 motu
1639 1233 1756 1276 Solis
1778 1234 1838 1276 sic

289 1302 675 1356 deprehendebat:
709 1304 1027 1357 experimentis
1054 1304 1170 1344 enim
1203 1303 1612 1345 instrumentalibus
1638 1305 1837 1345 conside-

290 1372 442 1421 rando,
471 1372 695 1413 adinvenit
727 1373 847 1425 quod
882 1371 960 1413 Sol
994 1378 1195 1413 movetur
1226 1386 1305 1425 per
1337 1379 1542 1426 quartam
1571 1386 1658 1426 que
1687 1379 1754 1414 est
1781 1374 1839 1414 ab

288 1441 548 1493 equinoccio
589 1441 754 1482 vernali
796 1455 934 1495 usque
975 1442 1030 1482 ad
1076 1449 1290 1496 punctum
1332 1441 1514 1482 solsticii
1566 1441 1759 1483 estivalis
1794 1442 1839 1483 in

290 1522 347 1562 94
369 1511 522 1551 diebus
544 1516 587 1551 et
611 1510 850 1552 medietate
873 1511 959 1552 diei
977 1528 988 1560 3
1023 1517 1067 1552 et
1088 1524 1168 1564 per
1189 1517 1393 1564 quartam
1419 1510 1630 1564 proximo
1652 1524 1838 1564 sequen·
1858 1528 1899 1551 20
1936 1502 1945 1507 X

289 1586 394 1630 tem,
416 1579 621 1620 videlicet
652 1594 678 1620 a
710 1580 830 1621 dicto
864 1580 1058 1621 solsticio
1091 1594 1228 1633 usque
1259 1580 1315 1621 ad
1349 1585 1563 1632 punctum
1597 1581 1839 1635 equinoccii

290 1649 602 1702 autumpnaliS,
629 1646 634 1702 Ι
665 1650 708 1689 in
747 1660 800 1702 92
839 1650 994 1690 diebus
1028 1656 1072 1691 et
1107 1650 1345 1691 medietate
1378 1649 1494 1700 diei;
1539 1654 1582 1689 et
1619 1662 1697 1703 per
1728 1651 1840 1691 duas

290 1725 468 1770 quartas
491 1718 685 1758 residuas
709 1718 752 1758 in
783 1718 965 1760 residuis
992 1718 1148 1760 diebus
1175 1718 1288 1768 anni,
1311 1717 1479 1759 scilicet
1512 1717 1591 1770 178
1615 1717 1771 1759 diebus
1795 1725 1838 1760 et

289 1793 447 1840 quarta
479 1787 566 1828 diei
598 1787 687 1828 fere
705 1800 716 1838 ;
754 1801 831 1841 per
861 1787 940 1828 has
972 1794 1122 1829 tamen
1152 1794 1345 1842 quartas,
1374 1786 1520 1827 adhuc
1551 1786 1837 1840 inequaliter;

289 1857 501 1910 quoniam
524 1871 602 1910 per
623 1863 827 1909 quartam
850 1869 936 1910 que
958 1864 1024 1898 est
1054 1858 1112 1899 ab
1135 1856 1378 1910 equalitate
1399 1855 1675 1908 autumpnali
1698 1870 1839 1910 usque
1859 1871 1898 1904 25

290 1926 346 1966 ad
370 1925 611 1967 solsticium
630 1926 805 1978 yemale
828 1926 870 1966 in
895 1926 947 1966 88
966 1926 1122 1967 diebus
1144 1932 1188 1967 et
1211 1936 1233 1979 7
1260 1926 1440 1966 minutis
1463 1931 1507 1965 et
1524 1930 1600 1979 30a
1613 1927 1839 1977 secundis;

291 2001 334 2035 et
358 2009 436 2048 per
453 1994 598 2044 aliam,
622 1995 665 2035 in
682 2007 736 2046 90
759 1995 925 2045 diebus,
951 2006 972 2047 7
993 1995 1172 2036 minutis
1188 2001 1232 2036 et
1250 1993 1332 2049 3¹³¹¹³
1349 1993 1552 2035 secundis
1575 1993 1674 2035 fere.
1722 1995 1836 2037 Cum

292 2064 423 2116 igitur
439 2076 591 2104 omnes
605 2063 687 2105 hee
702 2071 858 2117 quarte
874 2070 974 2105 sunt
992 2065 1103 2105 inter
1121 2078 1167 2105 se
1183 2064 1370 2117 equales,
1398 2070 1442 2105 et
1456 2069 1658 2115 tempora
1676 2065 1837 2118 quibus

292 2132 369 2174 Sol
402 2147 480 2186 per
514 2134 630 2186 ipsas
667 2140 869 2174 movetur
902 2133 1136 2187 inequalia,
1169 2140 1292 2187 patet
1326 2133 1604 2177 uniformitas
1635 2135 1678 2175 in
1711 2141 1834 2176 motu

292 2202 406 2243 Solis
435 2209 652 2256 quantum
675 2203 731 2243 ad
755 2203 1000 2244 zodiacum.
1058 2203 1251 2256 *Propter
1278 2203 1362 2244 hoc
1392 2216 1498 2256 ergo
1524 2203 1764 2256 ponebant,
1789 2210 1835 2245 ut
1858 2216 1899 2248 30

291 2272 458 2312 dictum
478 2279 555 2322 est,
575 2271 724 2313 Solem
744 2273 909 2313 moveri
932 2271 1226 2326 irregulariter
1248 2273 1291 2313 in
1315 2272 1478 2313 circulo
1495 2272 1619 2325 c'ujus
1634 2278 1834 2314 centrum

291 2347 355 2381 est
378 2347 505 2382 extra
527 2346 725 2381 centrum
749 2342 932 2393 zodiaci,
950 2347 993 2382 et
1015 2342 1056 2381 in
1082 2336 1318 2383 medietate
1340 2341 1503 2394 cinguli
1526 2342 1706 2391 zodiaci,
1728 2348 1772 2382 et
1794 2341 1838 2382 in

291 2409 404 2450 illius
443 2410 692 2450 medietatis
729 2417 888 2463 quarta
922 2411 1044 2464 cujus
1082 2417 1258 2464 tempus
1293 2418 1359 2452 est
1395 2409 1637 2463 prolixius;
1683 2417 1728 2452 et
1769 2417 1837 2453 est

292 2479 430 2532 prima
463 2485 719 2532 quartarum
752 2480 1062 2532 predictarum.
1138 2480 1331 2521 Necesse
1362 2480 1478 2520 enim
1511 2486 1577 2521 est
1611 2479 1731 2533 quod
1764 2479 1836 2522 isti

290 2548 516 2589 medietati
551 2548 718 2589 zodiaci
758 2548 898 2601 major
932 2550 1148 2590 medietas
1190 2547 1393 2590 ecentrici
1435 2549 1754 2599 subtendatur3
1790 2554 1835 2590 et
1855 2566 1894 2599 35

286 2617 482 2669 ejusdem
514 2623 671 2670 quarte
703 2616 842 2670 major
873 2624 939 2659 est
968 2631 1092 2659 arcus
1122 2630 1257 2671 quam
1287 2616 1471 2670 alicujus
1492 2607 1678 2658 aliarum
1700 2617 1835 2658 trium

285 2692 551 2738 quartarum.
615 2686 763 2740 Quare
797 2693 932 2740 patet,
966 2700 1068 2728 cum
1101 2685 1373 2728 uniformiter
1411 2693 1642 2728 moveatur
1675 2687 1718 2728 in
1755 2700 1835 2728 suo

329 2775 371 2803 23
399 2764 475 2805 178]
495 2765 558 2803 278
575 2765 617 2795 M
