1945 3079
168 474 384 546 Incipit
433 473 609 526 tercia
652 476 803 544 pars
846 473 986 528 lz'bm·
1035 475 1103 529 de
1154 477 1263 530 celo
1320 480 1375 530 et
1423 477 1638 531 mundo

98 570 341 633 <habens
367 570 623 642 capitula
651 570 814 628 tria).

158 704 403 759 Capitulum
416 704 616 759 primum
642 703 722 758 <de
732 703 915 759 fim'tate
936 706 1134 759 mnndi).

156 796 365 850 Quinque
394 796 525 850 igitur
561 796 816 849 corporibus
849 797 999 837 mundi
1032 797 1217 838 inventis
1250 798 1562 851 principalibus
1594 805 1637 839 et

60 879 78 913 5
98 865 308 920 figuratis,
350 866 549 919 sequitur
589 878 666 918 per
709 865 909 906 ordinem
956 866 1202 907 naturalem
1246 867 1542 908 consideracio
1583 867 1638 907 de

99 934 251 976 mundi
283 934 453 976 finitate
483 941 528 976 et
559 934 741 975 unitate.
805 934 865 976 Et
897 940 1065 975 certum
1100 942 1167 977 est
1201 937 1319 989 quod
1355 937 1542 977 mundus
1573 942 1639 977 est

99 1003 259 1055 finitus,
282 1004 384 1056 quia
415 1004 649 1057 probatum
682 1009 748 1044 est
780 1003 898 1057 prius
926 1005 1045 1057 quod
1071 1004 1343 1059 impossibile
1374 1011 1440 1046 est
1471 1006 1514 1045 in
1545 1019 1638 1045 cor-

100 1072 322 1127 poralibus
340 1072 503 1126 aliquid
519 1086 614 1113 esse
632 1072 862 1115 infinitum.
896 1072 976 1114 Set
990 1086 1103 1115 nunc
1121 1073 1368 1128 specialiter
1382 1075 1640 1128 probabitur

98 1142 182 1184 hoc
204 1143 260 1183 de
282 1143 447 1183 mundo
470 1149 515 1184 et
536 1142 734 1196 partibus
755 1141 859 1196 ejus.
923 1142 1042 1183 Nam
1072 1142 1297 1196 Averroys
1327 1143 1434 1184 dicit
1458 1143 1502 1184 in
1524 1143 1638 1196 prin-

44 1223 83 1246 10
101 1211 216 1265 cipio
235 1209 326 1253 Celz·
338 1219 382 1253 et
395 1210 567 1252 Mundi
577 1210 696 1264 quod
715 1210 750 1250 si
770 1211 961 1252 mundus
974 1217 1088 1252 esset
1106 1210 1312 1262 infinitus,
1330 1225 1410 1252 nec
1428 1209 1433 1267 l
1455 1211 1638 1252 haberet
1662 1227 1720 1262 107
1739 1232 1758 1252 a
1778 1230 1804 1253 ι.

100 1281 363 1334 principium
404 1285 603 1321 eternum
645 1293 723 1321 nec
765 1292 852 1321 non
895 1287 1104 1321 eternum.
1188 1280 1268 1322 Set
1310 1286 1481 1321 constat
1522 1281 1640 1333 quod

101 1348 235 1390 habet
270 1362 448 1390 causam
484 1348 673 1402 primam
703 1362 782 1402 pro
815 1349 1028 1402 principio
1057 1349 1122 1390 sui
1157 1355 1305 1390 motus
1335 1356 1380 1390 et
1411 1362 1642 1389 conserva-

101 1417 235 1460 cionis
256 1424 300 1459 et
320 1418 568 1459 creacionis.

161 1487 287 1537 Item,
310 1488 345 1528 si
375 1487 564 1528 mundus
591 1493 706 1528 esset
728 1486 924 1528 infinitus
954 1487 996 1528 in
1023 1486 1285 1538 substancia,
1307 1492 1422 1527 esset
1448 1485 1641 1527 infinitus

8 1595 12 1598 .
45 1568 84 1601 ¹5
103 1556 146 1596 in
168 1557 373 1609 potencia
394 1562 438 1598 et
459 1556 633 1607 virtute,
652 1569 758 1610 ergo
781 1561 896 1597 esset
917 1556 1083 1609 equalis
1106 1569 1238 1597 cause
1264 1555 1414 1609 prime,
1437 1555 1556 1608 quod
1578 1561 1644 1596 est

103 1624 382 1678 inpossibile:
416 1631 460 1666 et
489 1624 569 1666 hec
595 1625 711 1667 racio
734 1624 928 1666 verificat
956 1632 999 1667 et
1028 1625 1214 1678 exponit
1236 1625 1402 1666 dictum
1425 1623 1641 1676 Averoys.

105 1694 231 1743 Item,
255 1693 398 1736 celum
420 1701 486 1735 est
509 1707 699 1735 concave
721 1700 765 1735 et
796 1693 980 1747 speralis
1002 1692 1138 1747 figure
1161 1694 1285 1742 intra,
1309 1706 1413 1746 ergo
1436 1692 1643 1746 quicquid

103 1767 170 1802 est
198 1760 309 1802 infra
336 1760 480 1802 celum
510 1760 682 1801 finitum
710 1767 786 1801 est.
851 1760 911 1800 Et
934 1760 1090 1801 iterum
1115 1758 1327 1800 certificat
1349 1759 1464 1799 visus
1486 1771 1565 1799 nos
1588 1758 1643 1798 de

103 1829 318 1872 distancia
349 1829 473 1870 finita
501 1830 614 1870 inter
645 1835 844 1870 centrum
877 1829 1027 1870 mundi
1055 1835 1098 1869 et
1127 1827 1524 1870 circumferenciam
1552 1826 1644 1875 celi,

45 1911 86 1935 πο
103 1897 205 1952 quia
236 1898 437 1938 videmus
469 1896 616 1938 stellas
649 1897 730 1938 celi
763 1897 1028 1938 circumferri
1062 1897 1254 1951 undique
1281 1910 1338 1937 ex
1370 1897 1489 1937 omni
1520 1902 1645 1950 parte

103 1966 194 2017 celi,
216 1980 351 2020 quare
373 1966 586 2007 distancia
608 1980 633 2006 a
656 1973 772 2007 terra
793 1979 932 2019 usque
954 1967 1011 2007 ad
1034 1965 1176 2007 celum
1198 1972 1265 2007 est
1287 1964 1420 2007 finita.
1450 1964 1454 2019 Ι

164 2035 243 2077 Set
273 2035 392 2089 quod
421 2035 566 2077 celum
593 2035 739 2090 ipsum
769 2036 825 2076 sit
854 2035 1027 2076 finitum
1057 2048 1083 2075 a
1110 2040 1234 2089 parte
1259 2040 1360 2089 post
1387 2039 1510 2088 patet
1541 2033 1645 2086 quia
1663 2040 1707 2074 O.
1727 2047 1764 2083 27
1783 2052 1814 2074 a.

103 2104 241 2147 habet
272 2104 486 2158 spericam
520 2102 705 2157 figuram
739 2117 1000 2154 convexam,
1031 2109 1080 2145 ut
1111 2105 1463 2145 demonstratum
1500 2109 1566 2144 est
1601 2108 1645 2143 et

105 2187 258 2216 omnes
279 2174 562 2215 concordant.
626 2174 742 2215 Item
765 2180 912 2215 motus
934 2173 1014 2214 celi
1037 2171 1086 2214 fit
1107 2173 1164 2214 ab
1186 2173 1352 2213 oriente
1373 2173 1416 2212 in
1437 2172 1581 2212 oriens
1603 2171 1646 2210 in

47 2255 87 2289 ²5
106 2249 305 2298 tempore
327 2243 454 2284 finito
476 2248 520 2283 et
542 2256 691 2297 parvo,
709 2243 912 2284 videmus
935 2243 1063 2292 enim,
1087 2241 1265 2291 scilicet,
1290 2242 1333 2281 in
1355 2241 1426 2283 die
1447 2239 1646 2282 naturali.

107 2311 185 2354 Set
213 2313 250 2353 si
275 2312 420 2354 celum
449 2318 564 2353 esset
594 2311 824 2362 infinitum,
847 2310 1183 2365 pertransiretur
1209 2310 1404 2364 spacium
1428 2308 1644 2350 infinitum

153 2456 193 2479 10
214 2449 296 2480 Geli
312 2451 351 2479 et
368 2447 525 2489 Mundi]
544 2446 565 2479 i.
586 2456 628 2487 33
647 2457 767 2478 comm.

149 2558 214 2612 Δῐ-3
237 2582 304 2604 om.
324 2571 355 2603 O
461 2582 478 2611 7
505 2571 602 2613 quia]
619 2571 709 2611 quod
729 2569 759 2601 Ο
829 2570 862 2600 in
881 2569 1116 2610 corporalibus
1130 2579 1197 2600 om.
1216 2568 1257 2600 M
1368 2578 1407 2599 10
1430 2568 1511 2609 nec]
1529 2578 1596 2599 non
1617 2567 1647 2598 O

111 2634 151 2655 12
174 2623 468 2665 conservacionis]
486 2622 763 2655 confirmacionis
780 2621 822 2652 M
945 2631 983 2661 15
1009 2621 1147 2653 Instead
1165 2621 1203 2652 of
1216 2619 1343 2660 equalis
1360 2630 1460 2651 cause
1477 2620 1594 2659 prime,
1617 2619 1647 2650 Ο

108 2683 219 2710 wrote
240 2679 360 2719 equale
377 2683 524 2719 tempus,
541 2678 624 2709 then
650 2681 783 2718 tempus
800 2686 872 2707 was
890 2676 1031 2707 marked
1049 2675 1101 2706 for
1119 2685 1258 2706 erasure
1274 2675 1342 2706 and
1359 2684 1452 2706 cause
1462 2674 1572 2714 prime
1588 2679 1648 2714 put

108 2730 143 2761 in
160 2729 289 2770 margin
384 2740 422 2770 19
446 2730 563 2761 mundi
581 2739 646 2760 om.
669 2728 700 2759 O
802 2738 844 2759 20
867 2727 928 2769 ex]
946 2728 987 2758 de
1006 2726 1037 2758 O
1137 2737 1178 2757 22
1203 2726 1311 2767 quod]
1329 2726 1420 2765 quod
1441 2725 1596 2756 similiter
1615 2723 1645 2755 Ο

109 2791 151 2822 23
175 2782 343 2822 spericam
361 2792 426 2814 om.
448 2781 479 2812 Ο

176 2860 200 2879 R.
217 2860 287 2879 n.1v
852 2843 923 2876 CC
