1945 3079
802 120 879 161 341

80 215 315 271 figurarum
348 218 661 260 demonstravi.
726 222 784 263 Et
818 225 1025 276 quoniam
1059 227 1140 269 hee
1178 228 1313 283 figure
1352 230 1612 273 multilatere

79 291 181 327 sunt
212 286 449 328 nobiliores
481 288 697 340 omnibus,
726 290 826 332 ideo
861 292 1087 346 Platonici,
1120 296 1160 336 in
1194 312 1379 350 quorum
1412 306 1612 353 tempore

78 353 225 396 floruit
244 356 524 409 geometrica,
547 364 594 398 ut
617 358 722 399 dicit
747 359 970 414 Averroys
984 365 1118 405 tercio
1139 364 1284 406 Celiet
1305 368 1483 417 Mundi,
1502 368 1609 422 figu-

79 431 281 466 raverunt
299 438 485 480 corpora
504 428 653 468 mundi
677 428 759 468 hiis
778 438 802 480 5
820 429 968 483 figuris
987 433 1218 484 nobilibus,
1234 442 1277 476 et
1292 436 1384 476 celo
1400 437 1612 478 dederunt

43 505 60 538 5
80 493 401 545 duodecem-on,
416 495 519 548 quia
538 495 632 549 ipsa
647 503 712 537 est
731 511 871 551 capax
887 499 1069 541 aliarum
1087 501 1320 555 figurarum
1338 505 1613 557 regularium,

79 562 190 604 sicut
212 578 269 604 ex
297 569 366 619 13⁰
381 564 712 607 Elementorum
734 574 871 620 patet.
935 568 1145 610 Similiter
1167 578 1312 612 autem
1336 573 1475 613 celum
1499 575 1613 628 capit

78 639 221 674 cetera
238 649 247 674 ε
267 640 312 675 et
326 634 431 687 quia
446 633 555 687 ignis
572 636 766 677 ascendit
781 637 824 676 in
842 636 980 691 figura
995 639 1270 692 pyramidali,
1287 641 1385 682 ideo
1400 642 1613 683 dederunt

80 702 169 757 igni
204 703 507 758 pyramidem:
554 710 687 758 atque
721 706 821 758 quia
853 709 1117 749 octocedron
1154 716 1220 749 est
1253 708 1388 762 figura
1423 710 1615 751 maxime

78 772 231 814 similis
258 773 490 826 pyramidi,
512 779 556 814 et
585 788 659 814 aer
682 774 724 814 in
745 774 925 818 levitate
948 784 992 818 et
1019 778 1060 817 in
1090 784 1210 818 motu
1234 777 1496 818 assimilatur
1518 779 1616 831 igni,

21 853 62 876 10
79 840 179 882 ideo
215 841 432 883 dederunt
469 842 507 883 ei
543 841 728 896 figuram
764 845 1043 886 octocedron.
1107 846 1326 900 Quoniam
1363 861 1464 888 vero
1502 859 1615 898 aqua

77 904 212 951 habet
243 911 388 952 varios
421 917 567 953 motus
600 912 642 952 in
675 912 872 966 partibus
903 914 990 955 suis
1022 921 1065 955 et
1101 915 1323 965 flexuosis,
1356 916 1455 956 ideo
1486 917 1613 956 datur

77 977 216 1032 figura
248 980 285 1021 ei
318 980 567 1034 ycocedron
600 983 718 1035 quod
753 982 1031 1024 multitudine
1063 984 1320 1038 angulorum
1355 990 1398 1026 et
1429 984 1613 1026 laterum

79 1049 313 1090 circulatur
349 1050 392 1090 in
429 1064 569 1103 spera.
637 1051 774 1092 Terra
811 1066 924 1104 vero,
961 1053 1063 1106 quia
1101 1059 1166 1094 est
1203 1068 1359 1107 corpus
1395 1054 1533 1094 fixum
1572 1060 1614 1094 et

78 1117 259 1159 aliorum
282 1124 479 1160 centrum
504 1125 548 1160 et
578 1118 752 1160 firmum
775 1134 932 1175 corpus
954 1128 996 1163 et
1022 1121 1190 1174 stabile,
1212 1123 1311 1164 ideo
1339 1123 1551 1164 dederunt
1574 1122 1611 1162 ei

22 1199 59 1231 Ι5
79 1187 240 1229 cubum
263 1187 336 1241 qui
358 1194 424 1229 est
453 1188 583 1230 fixior
603 1189 697 1230 aliis
719 1196 762 1231 et
785 1191 995 1232 stabilior.
1070 1192 1166 1233 Hec
1196 1193 1327 1246 igitur
1355 1198 1419 1233 est
1450 1191 1615 1245 posicio

79 1270 178 1298 cum
188 1257 360 1300 racione
373 1271 451 1299 sua
460 1258 646 1300 ethabet
661 1259 878 1313 triplicem
899 1259 1610 1310 intellectum,scilicet‚secundum

79 1327 199 1380 quod
222 1333 371 1382 partes
392 1327 548 1371 harum
573 1342 795 1383 sperarum
818 1336 1080 1371 concurrunt
1101 1330 1212 1371 circa
1235 1336 1442 1384 punctum
1466 1343 1616 1380 unum,

79 1402 127 1438 ut
160 1396 392 1451 quodlibet
424 1410 656 1451 corporum
695 1398 889 1452 quinque
925 1400 1176 1449 constituat,
1207 1399 1274 1440 vel
1311 1399 1429 1452 quod
1467 1412 1522 1439 ex
1554 1398 1614 1438 eis

79 1465 272 1508 habeant
308 1465 418 1507 tales
456 1466 629 1520 figuras,
664 1467 732 1509 vel
774 1475 960 1521 utroque
998 1469 1143 1510 modo.
1207 1467 1285 1510 Set
1320 1468 1438 1521 quod
1471 1473 1614 1521 partes

22 1556 62 1578 20
80 1549 230 1576 eorum
263 1548 350 1576 non
381 1543 641 1578 concurrant
673 1537 786 1578 circa
817 1544 1029 1592 punctum
1061 1551 1209 1586 unum,
1243 1536 1522 1577 manifestum
1554 1541 1618 1575 est

79 1604 371 1646 consideranti
402 1619 453 1646 ea
482 1618 568 1659 que
593 1605 712 1659 prius
737 1607 959 1648 verificata
985 1612 1096 1647 sunt.
1159 1607 1277 1646 Nam
1302 1606 1342 1646 in
1372 1604 1614 1646 Covmzmzi-

78 1673 157 1716 bus
181 1675 313 1715 tocius
334 1674 391 1714 M
392 1674 646 1716 cethematz'ce
671 1675 938 1717 declaratum
962 1683 1027 1717 est
1053 1675 1157 1729 quid
1180 1680 1246 1716 est
1276 1674 1441 1728 replere
1463 1673 1618 1724 locum,

79 1749 123 1784 et
146 1743 231 1785 hoc
252 1743 496 1797 dupliciter,
520 1743 682 1786 scilicet
705 1745 747 1785 in
775 1745 1088 1798 superficiebus
1111 1751 1154 1785 et
1185 1745 1227 1784 in
1244 1743 1547 1797 corporalibus,
1569 1748 1612 1782 et

80 1812 238 1853 deinde
275 1810 280 1868 Ι
323 1813 462 1854 eciam
505 1813 548 1857 in
589 1814 793 1868 practicis
834 1815 1074 1867 geometrie
1114 1811 1453 1867 de-lmonstravi‚
1498 1811 1618 1863 quod
1638 1819 1679 1851 Ο.
1699 1828 1785 1859 1321.

23 1891 62 1924 25
79 1886 254 1924 tantum
272 1888 360 1923 tres
377 1882 514 1937 figure
531 1883 822 1936 superficiales
839 1889 1103 1936 congregate
1119 1883 1232 1924 circa
1249 1887 1459 1935 punctum
1485 1892 1618 1920 unum
1639 1879 1679 1912 99
1696 1872 1716 1903 b
1735 1880 1762 1903 ¹·

80 1951 411 2005 superficialiter
439 1951 608 2005 replent
630 1952 791 2003 locum,
813 1952 990 2002 scilicet,
1014 1950 1268 2006 triangulus,
1290 1950 1553 2004 quadratum
1576 1954 1619 1988 et

81 2031 320 2072 exagonus,
336 2019 437 2072 quia
451 2018 598 2073 anguli
615 2025 807 2073 quatuor
820 2019 1136 2072 quadratorum
1152 2023 1195 2058 et
1210 2031 1290 2058 sex
1305 2015 1619 2070 triangulorum

79 2093 124 2128 et
154 2087 286 2128 trium
319 2100 621 2141 exagonorum
655 2095 838 2141 possunt
866 2094 1009 2129 totum
1040 2087 1235 2140 spacium
1262 2085 1483 2126 continere
1506 2083 1617 2124 circa

79 2161 291 2208 punctum
324 2170 474 2197 unum.
538 2157 599 2198 Et
625 2157 789 2198 ibidem
818 2163 1044 2198 ostensum
1077 2162 1142 2197 est
1172 2154 1396 2208 quomodo
1422 2152 1618 2206 paucitas

22 2247 63 2280 30
79 2224 406 2278 superficierum
438 2226 703 2281 inplencium
737 2240 815 2267 sua
850 2226 946 2266 loca
984 2232 1050 2265 est
1086 2238 1218 2265 causa
1256 2221 1490 2277 paucitatis
1526 2234 1618 2261 cor-

81 2308 239 2348 porum
278 2294 546 2349 inplencium
580 2295 866 2349 corporaliter
901 2295 1009 2344 loca,
1047 2300 1092 2335 et
1130 2294 1228 2334 ideo
1261 2290 1517 2345 inpossibile
1555 2295 1621 2330 est

16 2352 19 2354 ³
80 2364 200 2416 quod
233 2365 422 2419 quinque
452 2364 587 2419 figure
616 2365 866 2419 corporales
898 2363 1091 2418 inpleant
1118 2363 1291 2411 locum3
1323 2374 1421 2402 cum
1444 2364 1619 2405 tantum

116 2530 145 2574 ⁴3
170 2537 249 2566 celi
265 2539 304 2566 et
321 2535 474 2577 Mundi]
489 2534 536 2567 iii.
555 2536 595 2566 61
614 2545 736 2566 comm.

125 2707 146 2736 3
169 2697 294 2738 tercio]
312 2699 350 2737 4⁰
366 2696 408 2727 M
530 2698 552 2728 6
579 2696 650 2738 13⁰]
669 2696 800 2727 decimo
817 2695 936 2735 quinto
955 2694 986 2725 Ο
1075 2692 1206 2733 autem]
1224 2692 1301 2731 quia
1318 2690 1359 2720 M
1445 2699 1461 2727 7
1487 2687 1617 2729 cetera]

80 2749 196 2780 omnia
214 2748 246 2779 Ο
410 2759 449 2780 10
474 2748 522 2790 ei]
539 2749 609 2780 aeri
630 2748 660 2779 Ο
820 2758 858 2787 13
882 2746 976 2788 quia]
992 2756 1057 2785 que
1079 2744 1109 2775 Ο
1267 2754 1305 2783 19
1330 2740 1407 2782 Set]
1426 2740 1573 2780 Oportet
1593 2738 1623 2769 Ο

82 2811 123 2839 24
148 2801 255 2832 eciam
273 2811 338 2833 om.
362 2800 392 2832 Ο
528 2811 569 2840 25
595 2799 828 2840 superficiales
846 2809 914 2830 om.
932 2798 973 2828 M
