1945 3079
122 720 184 753 105
202 722 221 743 a
241 720 268 743 2.

117 1764 158 1795 O.
181 1772 219 1803 23
237 1762 268 1793 b.

1019 36 1102 91 362

287 154 365 195 Set
390 153 658 194 elementum
683 164 771 193 non
795 152 978 206 requirit
1007 151 1150 194 celum
1174 165 1253 192 nec
1282 151 1416 203 aliud,
1439 156 1588 205 posset
1618 150 1734 192 enim
1758 163 1835 204 per

286 237 331 263 se
365 222 498 263 creari
536 227 580 262 et
613 227 731 263 stare
772 221 865 262 sine
900 221 1001 272 alio,
1036 221 1205 263 salvata
1246 221 1339 275 ejus
1380 227 1538 262 natura
1573 219 1750 275 propria
1791 225 1836 261 et

285 292 504 341 absoluta,
527 297 574 332 ut
591 291 758 332 dictum
777 297 844 332 est
862 291 991 345 prius,
1008 298 1052 333 et
1070 291 1168 332 ideo
1185 290 1279 332 celo
1297 297 1514 345 repugnat
1532 289 1613 331 hec
1627 288 1837 345 figuracio

286 368 404 403 recta
425 374 512 414 que
532 360 754 402 elemento
776 360 1034 402 naturaliter
1055 361 1253 402 debetur.

348 431 461 472 Item
485 431 631 485 posito
648 431 769 484 quod
792 430 934 471 celum
957 436 1073 471 esset
1094 436 1240 472 totum
1259 429 1438 483 plenum
1462 429 1505 470 in
1527 422 1615 482 suis
1636 427 1838 482 partibus
1857 444 1876 477 5
1939 416 1943 441 ’

286 501 400 542 circa
428 506 627 541 centrum
659 513 808 549 unum,
829 500 927 541 dico
957 500 1077 553 quod
1110 512 1198 541 non
1230 505 1347 541 esset
1375 498 1591 540 divisibile
1619 498 1662 538 in
1679 503 1837 551 partes

286 570 528 611 secundum
553 575 718 611 rectam
742 569 942 624 figuram,
959 576 1026 610 set
1042 570 1286 610 secundum
1311 567 1497 622 figuram
1519 566 1775 624 circularem
1793 571 1838 608 et

286 639 590 690 orbicularem,
609 639 712 692 quia
728 639 958 681 inclinacio
972 638 1206 693 cujuslibet
1222 638 1358 692 partis
1376 638 1491 679 circa
1507 643 1710 678 centrum
1725 636 1838 678 sicut

286 711 427 751 tocius
469 716 535 750 est
571 709 793 750 circularis
831 723 889 750 ex
926 708 1059 762 pleno
1100 706 1313 762 appetiltu
1352 713 1506 764 nature
1543 706 1729 758 celestis,
1771 712 1839 748 set

286 781 482 834 parcium
517 778 724 821 elementi
759 779 995 833 cujuslibet
1031 786 1099 821 est
1141 778 1374 820 inclinacio
1415 784 1546 819 recta.
1611 777 1730 817 Nam
1771 781 1838 817 est
1860 790 1899 814 ιο

287 851 329 890 in
351 856 467 890 terra
490 850 709 890 rectitudo
738 848 875 904 figure
896 849 1042 902 primo
1070 855 1113 890 et
1136 863 1213 902 per
1239 862 1287 890 se
1313 847 1486 902 quesita
1514 860 1592 900 per
1620 851 1838 897 naturam,

286 919 492 970 secundo,
531 918 833 960 inclinacionis
871 919 1092 960 rectitudo
1129 919 1172 959 in
1204 917 1314 966 loco,
1351 923 1394 958 et
1430 917 1578 967 tercio,
1618 915 1838 958 rectitudo

287 995 436 1029 motus
458 989 514 1029 ad
529 988 690 1036 locum,
708 994 753 1029 et
775 995 947 1041 quarto,
965 988 1106 1043 figura
1123 987 1344 1030 circularis
1361 987 1430 1028 vel
1447 986 1629 1041 speralis
1643 985 1838 1027 exterius

285 1058 551 1099 conveniens
582 1058 638 1098 ad
662 1058 746 1098 hoc
771 1071 849 1111 per
879 1058 1083 1099 accidens
1113 1064 1295 1113 propter
1326 1056 1529 1111 equalem
1559 1055 1839 1106 distanciam‚

286 1135 334 1167 ut
357 1127 523 1168 dictum
546 1134 624 1168 est.
687 1125 765 1167 Set
787 1126 882 1168 celo
912 1126 1031 1168 nulla
1061 1127 1280 1169 rectitudo
1309 1126 1526 1181 competit
1551 1139 1630 1168 nec
1657 1125 1838 1168 inclina-
1862 1138 1899 1171 ¹5

285 1196 423 1238 cionis
444 1210 525 1238 nec
549 1204 696 1238 motus
724 1203 790 1238 set
812 1197 955 1238 solum
979 1197 1232 1239 circulacioz
1265 1203 1309 1238 et
1336 1196 1435 1237 ideo
1457 1202 1606 1250 partes
1628 1195 1722 1249 ejus
1751 1208 1839 1236 non

286 1272 467 1319 possent
488 1265 650 1307 habere
671 1266 805 1307 situm
829 1266 942 1307 circa
964 1273 1163 1308 centrum
1191 1267 1285 1320 ejus
1307 1266 1391 1307 sub
1414 1265 1554 1320 figura
1578 1271 1706 1307 recta.

346 1334 392 1376 Si
425 1336 596 1376 dicatur
636 1336 757 1388 quod
788 1335 934 1376 locum
968 1336 1187 1389 replerent
1220 1337 1334 1377 circa
1366 1341 1579 1390 punctum
1613 1348 1763 1383 unum,
1795 1340 1840 1376 et

288 1403 407 1445 nulla
430 1404 571 1458 figura
594 1404 732 1458 replet
755 1405 838 1446 nisi
861 1406 1017 1446 cubica
1039 1412 1115 1446 aut
1138 1405 1361 1460 angularis
1383 1404 1468 1446 alia
1489 1404 1639 1446 valens
1661 1404 1838 1456 cubum,

285 1488 390 1529 ergo
435 1482 583 1529 partes
620 1475 837 1529 replerent
869 1477 950 1517 sub
995 1476 1135 1530 figura
1167 1476 1368 1531 angulari
1413 1481 1456 1516 et
1491 1482 1638 1516 recta:
1691 1474 1839 1517 dicen·
1861 1490 1902 1513 20

287 1544 393 1583 dum
431 1544 552 1597 quod
590 1543 683 1585 sola
721 1544 861 1598 figura
897 1546 1119 1601 angularis
1152 1551 1257 1586 nata
1288 1551 1355 1586 est
1386 1544 1535 1586 locum
1568 1543 1749 1599 replere,
1787 1551 1835 1586 ut

288 1612 510 1666 loquimur
544 1614 598 1654 de
634 1614 784 1668 figuris
827 1615 1097 1669 replentibus
1130 1615 1292 1666 locum,
1324 1615 1480 1670 positis
1515 1615 1690 1670 angulis
1726 1615 1841 1656 circa

287 1689 502 1737 punctum
536 1697 704 1734 unum3
751 1691 818 1726 set
855 1685 890 1725 si
932 1698 1090 1740 corpus
1126 1685 1208 1726 celi
1251 1692 1366 1727 esset
1402 1691 1545 1727 totum
1591 1698 1839 1738 expansum

287 1753 480 1806 undique
507 1766 646 1806 usque
678 1754 735 1794 ad
761 1760 959 1795 centrum
989 1768 1076 1796 non
1107 1754 1291 1807 inpleret
1319 1753 1324 1810 Ι
1353 1754 1499 1796 locum
1531 1761 1711 1808 propter
1733 1767 1836 1796 con-

287 1822 604 1863 sideracionem
628 1823 892 1877 angulorum
922 1825 1036 1866 circa
1066 1824 1174 1865 illud
1202 1831 1414 1875 centrum,
1438 1831 1504 1865 set
1533 1830 1715 1879 propter
1737 1837 1839 1866 con·
1863 1841 1900 1874 25

287 1891 541 1932 tinuitatem
576 1892 868 1934 orbicularem
893 1900 935 1934 et
958 1894 1216 1948 spericalem
1244 1894 1348 1948 quia
1370 1900 1518 1948 partes
1541 1894 1635 1948 ejus
1668 1893 1836 1935 nullam

287 1962 598 2002 rectitudinem
651 1969 753 2004 nate
796 1970 899 2005 sunt
950 1963 1126 2005 habere.
1203 1962 1282 2005 Set
1329 1970 1478 2017 partes
1519 1963 1839 2005 elementorum

288 2030 453 2071 habent
477 2033 783 2073 rectitudinem
818 2033 1120 2075 inclinacionis
1143 2048 1200 2075 ex
1234 2041 1391 2075 natura
1412 2048 1492 2075 sua
1523 2033 1842 2089 propriissima,

289 2106 332 2140 et
356 2101 455 2141 ideo
477 2100 622 2142 locum
645 2116 774 2143 suum
798 2109 902 2144 nata
924 2109 1025 2144 sunt
1047 2102 1214 2157 replere
1233 2103 1275 2143 in
1298 2102 1439 2156 figura
1463 2109 1593 2144 recta.

350 2168 393 2210 Si
437 2184 541 2211 vero
583 2171 725 2213 adhuc
767 2172 940 2214 dicatur
982 2174 1102 2226 quod
1144 2172 1377 2214 inclinacio
1419 2171 1738 2214 elementorum
1781 2172 1839 2214 ad
1861 2189 1903 2222 30

291 2245 463 2280 motum
507 2253 594 2280 non
636 2248 702 2283 est
743 2243 985 2283 secundum
1028 2233 1213 2296 figuram
1260 2242 1474 2292 cubicam‚
1500 2242 1655 2282 ·immo
1699 2242 1840 2296 magis

290 2310 531 2349 secundum
562 2309 748 2364 figuram
778 2311 1116 2365 pyramidalem,
1146 2317 1194 2352 ut
1224 2317 1347 2365 patet
1381 2311 1423 2352 in
1455 2311 1687 2352 omnibus:
1737 2324 1839 2352 nam

289 2383 466 2430 oportet
503 2380 623 2431 quod
661 2387 808 2433 partes
840 2395 1002 2439 ‘graves
1047 2382 1311 2422 inclinentur
1351 2381 1558 2422 deorsum
1596 2380 1840 2422 secundum

292 2445 477 2499 figuram
497 2449 831 2501 pyramidalem,
850 2457 894 2491 et
911 2464 1028 2503 aqua
1045 2451 1256 2501 similiter,
1273 2457 1316 2491 et
1334 2451 1396 2492 sic
1414 2451 1469 2491 de
1486 2450 1582 2492 aliis
1600 2449 1843 2498 elementis,

336 2541 356 2561 2
380 2531 528 2573 salvata]
546 2538 686 2565 servata
706 2533 736 2564 O
825 2546 845 2574 4
870 2542 962 2567 recta
973 2547 1038 2567 om.
1054 2536 1097 2566 M
1183 2546 1202 2576 5
1228 2535 1384 2577 plenum]
1400 2536 1537 2576 planum
1551 2534 1594 2565 M
1678 2535 1700 2564 6
1716 2534 1840 2576 unum]

291 2593 390 2614 suum
407 2583 449 2614 M
583 2587 645 2624 7-8
670 2592 703 2618 et
722 2586 948 2619 orb1cularem
962 2593 1041 2629 post
1056 2594 1185 2619 rectam
1202 2593 1280 2621 stat.
1301 2588 1331 2620 Ο
1468 2586 1621 2619 10'Nam
1631 2591 1692 2618 ‘est
1708 2597 1775 2619 om.
1793 2586 1836 2617 M

296 2646 334 2675 13
358 2636 413 2666 vel
428 2636 589 2679 speralis]
607 2643 640 2668 et
656 2648 759 2678 spera
776 2639 818 2669 M
1007 2651 1045 2680 19
1070 2641 1195 2682 figura]
1214 2642 1398 2681 figurarum
1417 2640 1448 2672 Ο
1628 2637 1710 2679 alia]
1727 2642 1787 2669 aut
1802 2638 1844 2669 M

293 2697 335 2717 22
360 2688 588 2731 replentibus]
608 2690 828 2730 implentibus
847 2692 878 2723 O
1028 2703 1070 2733 33
1093 2693 1232 2734 graves]
1255 2693 1367 2733 gravis
1383 2691 1414 2722 O
1502 2689 1726 2731 inclinentur]
1746 2690 1840 2722 incli-

293 2743 418 2769 nuntur
433 2739 463 2770 Ο
595 2751 636 2780 34
655 2743 919 2786 pyramidalem]
935 2745 1124 2785 pyramidis
1138 2744 1168 2775 Ο
