<?xml version="1.0" encoding="UTF-8"?>
<!DOCTYPE html PUBLIC "-//W3C//DTD XHTML 1.0 Transitional//EN"
    "http://www.w3.org/TR/xhtml1/DTD/xhtml1-transitional.dtd">
<html xmlns="http://www.w3.org/1999/xhtml" xml:lang="en" lang="en">
 <head>
  <title>
</title>
<meta http-equiv="Content-Type" content="text/html;charset=utf-8" />
  <meta name='ocr-system' content='tesseract 3.04.00' />
  <meta name='ocr-capabilities' content='ocr_page ocr_carea ocr_par ocr_line ocrx_word'/>
</head>
<body>
  <div class='ocr_page' id='page_1' title='image "./operahactenusine04baco_0087.png"; bbox 0 0 1945 3079; ppageno 0'>
   <div class='ocr_carea' id='block_1_1' title="bbox 829 80 911 133">
    <p class='ocr_par' dir='ltr' id='par_1_1' title="bbox 829 80 911 133">
     <span class='ocr_line' id='line_1_1' title="bbox 829 80 911 133; baseline 0 0"><span class='ocrx_word' id='word_1_1' title='bbox 829 80 911 133; x_wconf 81' lang='lat'><strong>383</strong></span> 
     </span>
    </p>
   </div>
   <div class='ocr_carea' id='block_1_2' title="bbox 41 192 1650 2703">
    <p class='ocr_par' dir='ltr' id='par_1_2' title="bbox 41 192 1650 2703">
     <span class='ocr_line' id='line_1_2' title="bbox 109 192 1650 248; baseline 0.003 -15"><span class='ocrx_word' id='word_1_2' title='bbox 109 192 402 247; x_wconf 84' lang='lat' dir='ltr'><strong>configuretur</strong></span> <span class='ocrx_word' id='word_1_3' title='bbox 431 193 672 233; x_wconf 86' lang='lat' dir='ltr'><strong>secundum</strong></span> <span class='ocrx_word' id='word_1_4' title='bbox 704 193 840 234; x_wconf 88' lang='lat' dir='ltr'><strong>latum</strong></span> <span class='ocrx_word' id='word_1_5' title='bbox 865 200 906 235; x_wconf 89' lang='lat' dir='ltr'><strong>et</strong></span> <span class='ocrx_word' id='word_1_6' title='bbox 933 194 1128 248; x_wconf 82' lang='lat' dir='ltr'><strong>longum,</strong></span> <span class='ocrx_word' id='word_1_7' title='bbox 1152 209 1255 248; x_wconf 83' lang='lat' dir='ltr'><strong>ergo</strong></span> <span class='ocrx_word' id='word_1_8' title='bbox 1282 196 1481 236; x_wconf 85' lang='lat' dir='ltr'><strong>similiter</strong></span> <span class='ocrx_word' id='word_1_9' title='bbox 1503 202 1568 237; x_wconf 87' lang='lat' dir='ltr'><strong>est</strong></span> <span class='ocrx_word' id='word_1_10' title='bbox 1594 197 1650 236; x_wconf 82' lang='lat' dir='ltr'><strong>cle</strong></span> 
     </span>
     <span class='ocr_line' id='line_1_3' title="bbox 105 261 1648 319; baseline 0.003 -17"><span class='ocrx_word' id='word_1_11' title='bbox 105 262 271 315; x_wconf 86' lang='lat' dir='ltr'>sperica</span> <span class='ocrx_word' id='word_1_12' title='bbox 289 261 331 301; x_wconf 91' lang='lat' dir='ltr'><strong>in</strong></span> <span class='ocrx_word' id='word_1_13' title='bbox 354 266 567 314; x_wconf 86' lang='lat' dir='ltr'><strong>quantum</strong></span> <span class='ocrx_word' id='word_1_14' title='bbox 591 261 841 314; x_wconf 85' lang='lat' dir='ltr'><strong>superficies</strong></span> <span class='ocrx_word' id='word_1_15' title='bbox 860 269 925 303; x_wconf 92' lang='lat' dir='ltr'><strong>est</strong></span> <span class='ocrx_word' id='word_1_16' title='bbox 943 277 952 313; x_wconf 77' lang='lat'><em>3</em></span> <span class='ocrx_word' id='word_1_17' title='bbox 985 276 1089 315; x_wconf 84' lang='lat' dir='ltr'><strong>ergo</strong></span> <span class='ocrx_word' id='word_1_18' title='bbox 1110 264 1357 317; x_wconf 86' lang='lat' dir='ltr'><strong>superficies</strong></span> <span class='ocrx_word' id='word_1_19' title='bbox 1376 265 1455 306; x_wconf 90' lang='lat' dir='ltr'><strong>celi</strong></span> <span class='ocrx_word' id='word_1_20' title='bbox 1479 266 1648 319; x_wconf 84' lang='lat' dir='ltr'><strong>sperica</strong></span> 
     </span>
     <span class='ocr_line' id='line_1_4' title="bbox 106 330 1649 388; baseline 0.003 -17"><span class='ocrx_word' id='word_1_21' title='bbox 106 331 246 384; x_wconf 86' lang='lat' dir='ltr'>exigit</span> <span class='ocrx_word' id='word_1_22' title='bbox 278 343 514 371; x_wconf 89' lang='lat' dir='ltr'><strong>concavam</strong></span> <span class='ocrx_word' id='word_1_23' title='bbox 549 330 632 371; x_wconf 89' lang='lat' dir='ltr'><strong>sibi</strong></span> <span class='ocrx_word' id='word_1_24' title='bbox 665 331 880 384; x_wconf 78' lang='lat' dir='ltr'>coequari,</span> <span class='ocrx_word' id='word_1_25' title='bbox 903 338 968 373; x_wconf 92' lang='lat' dir='ltr'><strong>set</strong></span> <span class='ocrx_word' id='word_1_26' title='bbox 1002 345 1090 373; x_wconf 94' lang='lat' dir='ltr'><strong>non</strong></span> <span class='ocrx_word' id='word_1_27' title='bbox 1123 332 1297 385; x_wconf 82' lang='lat' dir='ltr'><strong>plenam</strong></span> <span class='ocrx_word' id='word_1_28' title='bbox 1327 335 1428 388; x_wconf 87' lang='lat' dir='ltr'><strong>quia</strong></span> <span class='ocrx_word' id='word_1_29' title='bbox 1460 335 1649 376; x_wconf 88' lang='lat' dir='ltr'><strong>mundus</strong></span> 
     </span>
     <span class='ocr_line' id='line_1_5' title="bbox 105 399 1648 457; baseline 0.003 -17"><span class='ocrx_word' id='word_1_30' title='bbox 105 399 323 454; x_wconf 89' lang='lat' dir='ltr'><strong>perfectus</strong></span> <span class='ocrx_word' id='word_1_31' title='bbox 344 406 420 449; x_wconf 88' lang='lat' dir='ltr'><strong>est,</strong></span> <span class='ocrx_word' id='word_1_32' title='bbox 439 413 545 453; x_wconf 86' lang='lat' dir='ltr'><strong>ergo</strong></span> <span class='ocrx_word' id='word_1_33' title='bbox 566 412 764 440; x_wconf 89' lang='lat' dir='ltr'><strong>vacuam.</strong></span> <span class='ocrx_word' id='word_1_34' title='bbox 830 400 890 441; x_wconf 91' lang='lat' dir='ltr'><strong>Et</strong></span> <span class='ocrx_word' id='word_1_35' title='bbox 913 401 1146 442; x_wconf 87' lang='lat' dir='ltr'><strong>dicendum</strong></span> <span class='ocrx_word' id='word_1_36' title='bbox 1173 409 1240 443; x_wconf 89' lang='lat' dir='ltr'><strong>est</strong></span> <span class='ocrx_word' id='word_1_37' title='bbox 1257 404 1375 455; x_wconf 90' lang='lat' dir='ltr'><strong>quod</strong></span> <span class='ocrx_word' id='word_1_38' title='bbox 1398 403 1648 457; x_wconf 90' lang='lat' dir='ltr'><strong>superficies</strong></span> 
     </span>
     <span class='ocr_line' id='line_1_6' title="bbox 67 468 1650 526; baseline 0.003 -18"><span class='ocrx_word' id='word_1_39' title='bbox 67 485 84 518; x_wconf 89' lang='lat'><strong>5</strong></span> <span class='ocrx_word' id='word_1_40' title='bbox 107 481 194 508; x_wconf 92' lang='lat' dir='ltr'><strong>non</strong></span> <span class='ocrx_word' id='word_1_41' title='bbox 210 474 276 508; x_wconf 87' lang='lat' dir='ltr'><strong>est</strong></span> <span class='ocrx_word' id='word_1_42' title='bbox 294 474 398 509; x_wconf 88' lang='lat' dir='ltr'><strong>nata</strong></span> <span class='ocrx_word' id='word_1_43' title='bbox 412 481 490 520; x_wconf 87' lang='lat' dir='ltr'><strong>per</strong></span> <span class='ocrx_word' id='word_1_44' title='bbox 503 481 549 508; x_wconf 92' lang='lat' dir='ltr'><strong>se</strong></span> <span class='ocrx_word' id='word_1_45' title='bbox 566 468 659 509; x_wconf 90' lang='lat' dir='ltr'><strong>sola</strong></span> <span class='ocrx_word' id='word_1_46' title='bbox 677 482 772 509; x_wconf 91' lang='lat' dir='ltr'><strong>esse</strong></span> <span class='ocrx_word' id='word_1_47' title='bbox 793 470 860 510; x_wconf 91' lang='lat' dir='ltr'><strong>vel</strong></span> <span class='ocrx_word' id='word_1_48' title='bbox 883 476 1011 520; x_wconf 87' lang='lat' dir='ltr'><strong>stare,</strong></span> <span class='ocrx_word' id='word_1_49' title='bbox 1027 476 1069 511; x_wconf 85' lang='lat' dir='ltr'><strong>et</strong></span> <span class='ocrx_word' id='word_1_50' title='bbox 1089 471 1190 511; x_wconf 93' lang='lat' dir='ltr'><strong>ideo</strong></span> <span class='ocrx_word' id='word_1_51' title='bbox 1206 484 1285 512; x_wconf 92' lang='lat' dir='ltr'><strong>nec</strong></span> <span class='ocrx_word' id='word_1_52' title='bbox 1302 470 1448 512; x_wconf 90' lang='lat' dir='ltr'><strong>locum</strong></span> <span class='ocrx_word' id='word_1_53' title='bbox 1473 472 1650 526; x_wconf 87' lang='lat' dir='ltr'><strong>replere,</strong></span> 
     </span>
     <span class='ocr_line' id='line_1_7' title="bbox 105 536 1650 593; baseline 0.003 -15"><span class='ocrx_word' id='word_1_54' title='bbox 105 544 148 578; x_wconf 88' lang='lat' dir='ltr'><strong>et</strong></span> <span class='ocrx_word' id='word_1_55' title='bbox 180 536 384 590; x_wconf 87' lang='lat' dir='ltr'><strong>precipue</strong></span> <span class='ocrx_word' id='word_1_56' title='bbox 416 550 514 577; x_wconf 90' lang='lat' dir='ltr'><strong>cum</strong></span> <span class='ocrx_word' id='word_1_57' title='bbox 547 550 636 577; x_wconf 92' lang='lat' dir='ltr'><strong>non</strong></span> <span class='ocrx_word' id='word_1_58' title='bbox 658 537 820 579; x_wconf 85' lang='lat' dir='ltr'><strong>habeat</strong></span> <span class='ocrx_word' id='word_1_59' title='bbox 852 539 1117 591; x_wconf 90' lang='lat' dir='ltr'><strong>profundum</strong></span> <span class='ocrx_word' id='word_1_60' title='bbox 1150 539 1243 580; x_wconf 90' lang='lat' dir='ltr'><strong>sine</strong></span> <span class='ocrx_word' id='word_1_61' title='bbox 1265 554 1353 593; x_wconf 91' lang='lat' dir='ltr'><strong>quo</strong></span> <span class='ocrx_word' id='word_1_62' title='bbox 1371 554 1457 581; x_wconf 92' lang='lat' dir='ltr'><strong>non</strong></span> <span class='ocrx_word' id='word_1_63' title='bbox 1480 547 1545 582; x_wconf 89' lang='lat' dir='ltr'><strong>est</strong></span> <span class='ocrx_word' id='word_1_64' title='bbox 1568 540 1650 582; x_wconf 90' lang='lat' dir='ltr'><strong>loci</strong></span> 
     </span>
     <span class='ocr_line' id='line_1_8' title="bbox 110 605 1649 663; baseline 0.003 -18"><span class='ocrx_word' id='word_1_65' title='bbox 110 605 311 658; x_wconf 88' lang='lat' dir='ltr'><strong>replecio,</strong></span> <span class='ocrx_word' id='word_1_66' title='bbox 344 606 459 646; x_wconf 90' lang='lat' dir='ltr'><strong>unde</strong></span> <span class='ocrx_word' id='word_1_67' title='bbox 490 605 748 658; x_wconf 88' lang='lat' dir='ltr'><strong>superficies</strong></span> <span class='ocrx_word' id='word_1_68' title='bbox 780 619 866 647; x_wconf 92' lang='lat' dir='ltr'><strong>non</strong></span> <span class='ocrx_word' id='word_1_69' title='bbox 897 613 961 648; x_wconf 87' lang='lat' dir='ltr'><strong>est</strong></span> <span class='ocrx_word' id='word_1_70' title='bbox 993 608 1073 648; x_wconf 92' lang='lat' dir='ltr'><strong>nisi</strong></span> <span class='ocrx_word' id='word_1_71' title='bbox 1104 608 1315 648; x_wconf 89' lang='lat' dir='ltr'><strong>terminus</strong></span> <span class='ocrx_word' id='word_1_72' title='bbox 1347 610 1541 663; x_wconf 85' lang='lat' dir='ltr'><strong>corporis</strong></span> <span class='ocrx_word' id='word_1_73' title='bbox 1574 616 1649 650; x_wconf 86' lang='lat' dir='ltr'><strong>aut</strong></span> 
     </span>
     <span class='ocr_line' id='line_1_9' title="bbox 108 673 1648 730; baseline 0.003 -15"><span class='ocrx_word' id='word_1_74' title='bbox 108 673 305 728; x_wconf 87' lang='lat' dir='ltr'><strong>parcium</strong></span> <span class='ocrx_word' id='word_1_75' title='bbox 338 674 444 727; x_wconf 90' lang='lat' dir='ltr'><strong>ejus.</strong></span> <span class='ocrx_word' id='word_1_76' title='bbox 506 674 565 715; x_wconf 85' lang='lat' dir='ltr'><strong>Et</strong></span> <span class='ocrx_word' id='word_1_77' title='bbox 597 674 696 715; x_wconf 92' lang='lat' dir='ltr'><strong>ideo</strong></span> <span class='ocrx_word' id='word_1_78' title='bbox 722 689 819 715; x_wconf 90' lang='lat' dir='ltr'><strong>cum</strong></span> <span class='ocrx_word' id='word_1_79' title='bbox 853 675 1040 716; x_wconf 90' lang='lat' dir='ltr'><strong>obicitur</strong></span> <span class='ocrx_word' id='word_1_80' title='bbox 1067 677 1185 729; x_wconf 90' lang='lat' dir='ltr'><strong>quod</strong></span> <span class='ocrx_word' id='word_1_81' title='bbox 1217 677 1312 730; x_wconf 91' lang='lat' dir='ltr'><strong>ipsa</strong></span> <span class='ocrx_word' id='word_1_82' title='bbox 1339 677 1432 718; x_wconf 85' lang='lat' dir='ltr'><strong>sola</strong></span> <span class='ocrx_word' id='word_1_83' title='bbox 1456 677 1557 719; x_wconf 87' lang='lat' dir='ltr'><strong>facit</strong></span> <span class='ocrx_word' id='word_1_84' title='bbox 1585 679 1648 719; x_wconf 92' lang='lat' dir='ltr'><strong>di-</strong></span> 
     </span>
     <span class='ocr_line' id='line_1_10' title="bbox 107 742 1649 800; baseline 0.002 -16"><span class='ocrx_word' id='word_1_85' title='bbox 107 743 318 784; x_wconf 89' lang='lat' dir='ltr'><strong>stanciam</strong></span> <span class='ocrx_word' id='word_1_86' title='bbox 352 743 467 783; x_wconf 85' lang='lat' dir='ltr'><strong>inter</strong></span> <span class='ocrx_word' id='word_1_87' title='bbox 502 742 639 784; x_wconf 86' lang='lat' dir='ltr'><strong>latera</strong></span> <span class='ocrx_word' id='word_1_88' title='bbox 671 745 968 796; x_wconf 85' lang='lat' dir='ltr'><strong>continentis;</strong></span> <span class='ocrx_word' id='word_1_89' title='bbox 1011 744 1093 785; x_wconf 90' lang='lat' dir='ltr'><strong>hoc</strong></span> <span class='ocrx_word' id='word_1_90' title='bbox 1125 751 1190 785; x_wconf 91' lang='lat' dir='ltr'><strong>est</strong></span> <span class='ocrx_word' id='word_1_91' title='bbox 1222 745 1556 800; x_wconf 86' lang='lat' dir='ltr'><strong>intelligendum</strong></span> <span class='ocrx_word' id='word_1_92' title='bbox 1593 747 1649 787; x_wconf 93' lang='lat' dir='ltr'><strong>de</strong></span> 
     </span>
     <span class='ocr_line' id='line_1_11' title="bbox 45 813 1648 868; baseline 0.002 -16"><span class='ocrx_word' id='word_1_93' title='bbox 45 829 84 852; x_wconf 91' lang='lat'><strong>10</strong></span> <span class='ocrx_word' id='word_1_94' title='bbox 102 813 353 854; x_wconf 86' lang='lat' dir='ltr'><strong>continente</strong></span> <span class='ocrx_word' id='word_1_95' title='bbox 384 813 503 866; x_wconf 90' lang='lat' dir='ltr'><strong>quod</strong></span> <span class='ocrx_word' id='word_1_96' title='bbox 528 818 594 853; x_wconf 91' lang='lat' dir='ltr'><strong>est</strong></span> <span class='ocrx_word' id='word_1_97' title='bbox 625 813 717 867; x_wconf 87' lang='lat' dir='ltr'><strong>ejus</strong></span> <span class='ocrx_word' id='word_1_98' title='bbox 740 813 1005 867; x_wconf 88' lang='lat' dir='ltr'><strong>subjectum,</strong></span> <span class='ocrx_word' id='word_1_99' title='bbox 1037 820 1085 854; x_wconf 90' lang='lat' dir='ltr'><strong>ut</strong></span> <span class='ocrx_word' id='word_1_100' title='bbox 1107 827 1264 867; x_wconf 87' lang='lat' dir='ltr'><strong>corpus</strong></span> <span class='ocrx_word' id='word_1_101' title='bbox 1286 815 1329 854; x_wconf 91' lang='lat' dir='ltr'><strong>in</strong></span> <span class='ocrx_word' id='word_1_102' title='bbox 1350 828 1438 868; x_wconf 89' lang='lat' dir='ltr'><strong>quo</strong></span> <span class='ocrx_word' id='word_1_103' title='bbox 1460 821 1539 864; x_wconf 88' lang='lat' dir='ltr'><strong>est,</strong></span> <span class='ocrx_word' id='word_1_104' title='bbox 1561 828 1648 855; x_wconf 90' lang='lat' dir='ltr'><strong>non</strong></span> 
     </span>
     <span class='ocr_line' id='line_1_12' title="bbox 107 881 1649 938; baseline 0.001 -15"><span class='ocrx_word' id='word_1_105' title='bbox 107 881 301 930; x_wconf 80' lang='lat' dir='ltr'><strong>deloco,</strong></span> <span class='ocrx_word' id='word_1_106' title='bbox 363 881 461 923; x_wconf 86' lang='lat' dir='ltr'><strong>Aut</strong></span> <span class='ocrx_word' id='word_1_107' title='bbox 496 895 575 934; x_wconf 89' lang='lat' dir='ltr'><strong>per</strong></span> <span class='ocrx_word' id='word_1_108' title='bbox 607 882 811 924; x_wconf 89' lang='lat' dir='ltr'><strong>accidens</strong></span> <span class='ocrx_word' id='word_1_109' title='bbox 844 882 1112 937; x_wconf 81' lang='lat' dir='ltr'><strong>intelligetur</strong></span> <span class='ocrx_word' id='word_1_110' title='bbox 1144 883 1198 923; x_wconf 89' lang='lat' dir='ltr'><strong>de</strong></span> <span class='ocrx_word' id='word_1_111' title='bbox 1227 883 1324 924; x_wconf 91' lang='lat' dir='ltr'><strong>loco</strong></span> <span class='ocrx_word' id='word_1_112' title='bbox 1353 884 1418 924; x_wconf 90' lang='lat' dir='ltr'><strong>sui</strong></span> <span class='ocrx_word' id='word_1_113' title='bbox 1448 883 1649 938; x_wconf 87' lang='lat' dir='ltr'><strong>subjecti,</strong></span> 
     </span>
     <span class='ocr_line' id='line_1_13' title="bbox 105 950 1647 1006; baseline 0.002 -16"><span class='ocrx_word' id='word_1_114' title='bbox 105 950 277 1001; x_wconf 90' lang='lat' dir='ltr'><strong>scilicet,</strong></span> <span class='ocrx_word' id='word_1_115' title='bbox 300 951 406 992; x_wconf 89' lang='lat' dir='ltr'><strong>dum</strong></span> <span class='ocrx_word' id='word_1_116' title='bbox 430 956 493 991; x_wconf 89' lang='lat' dir='ltr'><strong>est</strong></span> <span class='ocrx_word' id='word_1_117' title='bbox 516 951 559 991; x_wconf 90' lang='lat' dir='ltr'><strong>in</strong></span> <span class='ocrx_word' id='word_1_118' title='bbox 582 950 658 992; x_wconf 89' lang='lat' dir='ltr'><strong>illo</strong></span> <span class='ocrx_word' id='word_1_119' title='bbox 681 951 893 1005; x_wconf 87' lang='lat' dir='ltr'><strong>subjecto,</strong></span> <span class='ocrx_word' id='word_1_120' title='bbox 912 957 955 992; x_wconf 93' lang='lat' dir='ltr'><strong>et</strong></span> <span class='ocrx_word' id='word_1_121' title='bbox 972 951 1107 993; x_wconf 90' lang='lat' dir='ltr'><strong>habet</strong></span> <span class='ocrx_word' id='word_1_122' title='bbox 1129 951 1271 993; x_wconf 89' lang='lat' dir='ltr'><strong>locum</strong></span> <span class='ocrx_word' id='word_1_123' title='bbox 1294 966 1371 1006; x_wconf 92' lang='lat' dir='ltr'><strong>per</strong></span> <span class='ocrx_word' id='word_1_124' title='bbox 1393 966 1451 1004; x_wconf 87' lang='lat' dir='ltr'><strong>se,</strong></span> <span class='ocrx_word' id='word_1_125' title='bbox 1469 959 1516 994; x_wconf 91' lang='lat' dir='ltr'><strong>ut</strong></span> <span class='ocrx_word' id='word_1_126' title='bbox 1539 952 1647 994; x_wconf 89' lang='lat' dir='ltr'><strong>illud</strong></span> 
     </span>
     <span class='ocr_line' id='line_1_14' title="bbox 103 1020 1649 1075; baseline 0.002 -15"><span class='ocrx_word' id='word_1_127' title='bbox 103 1033 262 1074; x_wconf 90' lang='lat' dir='ltr'><strong>corpus</strong></span> <span class='ocrx_word' id='word_1_128' title='bbox 294 1020 338 1060; x_wconf 89' lang='lat' dir='ltr'><strong>in</strong></span> <span class='ocrx_word' id='word_1_129' title='bbox 369 1033 458 1073; x_wconf 90' lang='lat' dir='ltr'><strong>quo</strong></span> <span class='ocrx_word' id='word_1_130' title='bbox 496 1027 561 1062; x_wconf 93' lang='lat' dir='ltr'><strong>est</strong></span> <span class='ocrx_word' id='word_1_131' title='bbox 594 1020 854 1074; x_wconf 87' lang='lat' dir='ltr'><strong>superficies.</strong></span> <span class='ocrx_word' id='word_1_132' title='bbox 931 1021 1045 1062; x_wconf 91' lang='lat' dir='ltr'><strong>Dico</strong></span> <span class='ocrx_word' id='word_1_133' title='bbox 1077 1021 1208 1074; x_wconf 85' lang='lat' dir='ltr'><strong>igitur</strong></span> <span class='ocrx_word' id='word_1_134' title='bbox 1239 1023 1358 1075; x_wconf 89' lang='lat' dir='ltr'><strong>quod</strong></span> <span class='ocrx_word' id='word_1_135' title='bbox 1395 1021 1649 1075; x_wconf 86' lang='lat' dir='ltr'><strong>superficies</strong></span> 
     </span>
     <span class='ocr_line' id='line_1_15' title="bbox 104 1089 1646 1144; baseline 0.002 -15"><span class='ocrx_word' id='word_1_136' title='bbox 104 1094 221 1130; x_wconf 88' lang='lat' dir='ltr'><strong>recta</strong></span> <span class='ocrx_word' id='word_1_137' title='bbox 253 1089 308 1130; x_wconf 94' lang='lat' dir='ltr'><strong>de</strong></span> <span class='ocrx_word' id='word_1_138' title='bbox 340 1103 386 1130; x_wconf 92' lang='lat' dir='ltr'><strong>se</strong></span> <span class='ocrx_word' id='word_1_139' title='bbox 418 1103 506 1131; x_wconf 94' lang='lat' dir='ltr'><strong>non</strong></span> <span class='ocrx_word' id='word_1_140' title='bbox 538 1089 673 1131; x_wconf 90' lang='lat' dir='ltr'><strong>habet</strong></span> <span class='ocrx_word' id='word_1_141' title='bbox 705 1096 954 1144; x_wconf 86' lang='lat' dir='ltr'><strong>respectum</strong></span> <span class='ocrx_word' id='word_1_142' title='bbox 988 1091 1044 1132; x_wconf 93' lang='lat' dir='ltr'><strong>ad</strong></span> <span class='ocrx_word' id='word_1_143' title='bbox 1068 1090 1224 1141; x_wconf 88' lang='lat' dir='ltr'><strong>locum,</strong></span> <span class='ocrx_word' id='word_1_144' title='bbox 1247 1091 1370 1132; x_wconf 88' lang='lat' dir='ltr'><strong>sicud</strong></span> <span class='ocrx_word' id='word_1_145' title='bbox 1395 1104 1474 1131; x_wconf 90' lang='lat' dir='ltr'><strong>nec</strong></span> <span class='ocrx_word' id='word_1_146' title='bbox 1496 1105 1646 1144; x_wconf 90' lang='lat' dir='ltr'><strong>super-</strong></span> 
     </span>
     <span class='ocr_line' id='line_1_16' title="bbox 43 1155 1646 1213; baseline 0.004 -18"><span class='ocrx_word' id='word_1_147' title='bbox 43 1172 81 1204; x_wconf 87' lang='lat'><strong>15</strong></span> <span class='ocrx_word' id='word_1_148' title='bbox 103 1155 220 1199; x_wconf 87' lang='lat' dir='ltr'><strong>ficies</strong></span> <span class='ocrx_word' id='word_1_149' title='bbox 252 1172 465 1200; x_wconf 78' lang='lat' dir='ltr'><strong>convexa.</strong></span> <span class='ocrx_word' id='word_1_150' title='bbox 539 1159 618 1201; x_wconf 85' lang='lat' dir='ltr'><strong>Set</strong></span> <span class='ocrx_word' id='word_1_151' title='bbox 656 1159 909 1213; x_wconf 90' lang='lat' dir='ltr'><strong>superficies</strong></span> <span class='ocrx_word' id='word_1_152' title='bbox 936 1165 1053 1201; x_wconf 89' lang='lat' dir='ltr'><strong>recta</strong></span> <span class='ocrx_word' id='word_1_153' title='bbox 1088 1160 1322 1213; x_wconf 90' lang='lat' dir='ltr'><strong>conjuncta</strong></span> <span class='ocrx_word' id='word_1_154' title='bbox 1358 1160 1646 1213; x_wconf 82' lang='lat' dir='ltr'><strong>profunditati</strong></span> 
     </span>
     <span class='ocr_line' id='line_1_17' title="bbox 101 1228 1647 1282; baseline 0.001 -15"><span class='ocrx_word' id='word_1_155' title='bbox 101 1228 312 1281; x_wconf 88' lang='lat' dir='ltr'><strong>corporali</strong></span> <span class='ocrx_word' id='word_1_156' title='bbox 334 1228 473 1282; x_wconf 82' lang='lat' dir='ltr'><strong>exigit</strong></span> <span class='ocrx_word' id='word_1_157' title='bbox 503 1228 646 1270; x_wconf 90' lang='lat' dir='ltr'><strong>locum</strong></span> <span class='ocrx_word' id='word_1_158' title='bbox 669 1242 747 1282; x_wconf 90' lang='lat' dir='ltr'><strong>per</strong></span> <span class='ocrx_word' id='word_1_159' title='bbox 775 1229 976 1270; x_wconf 90' lang='lat' dir='ltr'><strong>accidens</strong></span> <span class='ocrx_word' id='word_1_160' title='bbox 1009 1235 1189 1282; x_wconf 86' lang='lat' dir='ltr'><strong>propter</strong></span> <span class='ocrx_word' id='word_1_161' title='bbox 1210 1229 1554 1281; x_wconf 82' lang='lat' dir='ltr'><strong>profunditatem</strong></span> <span class='ocrx_word' id='word_1_162' title='bbox 1577 1229 1647 1271; x_wconf 90' lang='lat' dir='ltr'><strong>cui</strong></span> 
     </span>
     <span class='ocr_line' id='line_1_18' title="bbox 102 1297 1647 1352; baseline 0.001 -15"><span class='ocrx_word' id='word_1_163' title='bbox 102 1303 169 1338; x_wconf 88' lang='lat' dir='ltr'><strong>est</strong></span> <span class='ocrx_word' id='word_1_164' title='bbox 200 1297 417 1346; x_wconf 85' lang='lat' dir='ltr'><strong>admixta,</strong></span> <span class='ocrx_word' id='word_1_165' title='bbox 450 1311 536 1350; x_wconf 89' lang='lat' dir='ltr'><strong>que</strong></span> <span class='ocrx_word' id='word_1_166' title='bbox 571 1304 674 1338; x_wconf 89' lang='lat' dir='ltr'><strong>nata</strong></span> <span class='ocrx_word' id='word_1_167' title='bbox 711 1304 778 1339; x_wconf 92' lang='lat' dir='ltr'><strong>est</strong></span> <span class='ocrx_word' id='word_1_168' title='bbox 809 1297 954 1339; x_wconf 88' lang='lat' dir='ltr'><strong>locum</strong></span> <span class='ocrx_word' id='word_1_169' title='bbox 986 1297 1166 1352; x_wconf 90' lang='lat' dir='ltr'><strong>replere,</strong></span> <span class='ocrx_word' id='word_1_170' title='bbox 1197 1303 1241 1338; x_wconf 91' lang='lat' dir='ltr'><strong>et</strong></span> <span class='ocrx_word' id='word_1_171' title='bbox 1270 1298 1370 1338; x_wconf 90' lang='lat' dir='ltr'><strong>ideo</strong></span> <span class='ocrx_word' id='word_1_172' title='bbox 1398 1297 1647 1351; x_wconf 88' lang='lat' dir='ltr'><strong>superficies</strong></span> 
     </span>
     <span class='ocr_line' id='line_1_19' title="bbox 106 1365 1645 1421; baseline 0.001 -15"><span class='ocrx_word' id='word_1_173' title='bbox 106 1373 227 1408; x_wconf 90' lang='lat' dir='ltr'><strong>recta</strong></span> <span class='ocrx_word' id='word_1_174' title='bbox 253 1366 407 1421; x_wconf 88' lang='lat' dir='ltr'><strong>lapidis</strong></span> <span class='ocrx_word' id='word_1_175' title='bbox 425 1367 493 1407; x_wconf 90' lang='lat' dir='ltr'><strong>vel</strong></span> <span class='ocrx_word' id='word_1_176' title='bbox 515 1367 693 1407; x_wconf 87' lang='lat' dir='ltr'><strong>alterius</strong></span> <span class='ocrx_word' id='word_1_177' title='bbox 717 1366 912 1421; x_wconf 90' lang='lat' dir='ltr'><strong>protensi</strong></span> <span class='ocrx_word' id='word_1_178' title='bbox 930 1373 1059 1408; x_wconf 84' lang='lat' dir='ltr'><strong>extra</strong></span> <span class='ocrx_word' id='word_1_179' title='bbox 1077 1365 1219 1406; x_wconf 92' lang='lat' dir='ltr'><strong>celum</strong></span> <span class='ocrx_word' id='word_1_180' title='bbox 1237 1366 1380 1407; x_wconf 89' lang='lat' dir='ltr'><strong>locum</strong></span> <span class='ocrx_word' id='word_1_181' title='bbox 1398 1367 1645 1420; x_wconf 87' lang='lat' dir='ltr'><strong>requireret,</strong></span> 
     </span>
     <span class='ocr_line' id='line_1_20' title="bbox 103 1433 1646 1489; baseline 0.001 -14"><span class='ocrx_word' id='word_1_182' title='bbox 103 1434 209 1476; x_wconf 86' lang='lat' dir='ltr'><strong>licet</strong></span> <span class='ocrx_word' id='word_1_183' title='bbox 231 1448 309 1489; x_wconf 90' lang='lat' dir='ltr'><strong>per</strong></span> <span class='ocrx_word' id='word_1_184' title='bbox 331 1435 534 1476; x_wconf 88' lang='lat' dir='ltr'><strong>accidens</strong></span> <span class='ocrx_word' id='word_1_185' title='bbox 566 1442 746 1488; x_wconf 88' lang='lat' dir='ltr'><strong>propter</strong></span> <span class='ocrx_word' id='word_1_186' title='bbox 777 1435 940 1477; x_wconf 90' lang='lat' dir='ltr'><strong>scilicet</strong></span> <span class='ocrx_word' id='word_1_187' title='bbox 968 1433 973 1489; x_wconf 79' lang='grc' dir='ltr'>Ι</span> <span class='ocrx_word' id='word_1_188' title='bbox 1001 1433 1350 1488; x_wconf 82' lang='lat' dir='ltr'><strong>profunditatem</strong></span> <span class='ocrx_word' id='word_1_189' title='bbox 1373 1436 1646 1488; x_wconf 80' lang='lat' dir='ltr'><strong>corporalem</strong></span> 
     </span>
     <span class='ocr_line' id='line_1_21' title="bbox 43 1503 1647 1559; baseline 0.003 -18"><span class='ocrx_word' id='word_1_190' title='bbox 43 1519 84 1541; x_wconf 81' lang='lat'><strong>20</strong></span> <span class='ocrx_word' id='word_1_191' title='bbox 103 1517 189 1557; x_wconf 92' lang='lat' dir='ltr'><strong>que</strong></span> <span class='ocrx_word' id='word_1_192' title='bbox 223 1504 282 1545; x_wconf 87' lang='lat' dir='ltr'><strong>ibi</strong></span> <span class='ocrx_word' id='word_1_193' title='bbox 318 1512 445 1546; x_wconf 85' lang='lat' dir='ltr'><strong>extra</strong></span> <span class='ocrx_word' id='word_1_194' title='bbox 480 1512 559 1547; x_wconf 88' lang='lat' dir='ltr'><strong>est.</strong></span> <span class='ocrx_word' id='word_1_195' title='bbox 637 1504 716 1546; x_wconf 86' lang='lat' dir='ltr'><strong>Set</strong></span> <span class='ocrx_word' id='word_1_196' title='bbox 752 1504 1005 1558; x_wconf 83' lang='lat' dir='ltr'><strong>superficies</strong></span> <span class='ocrx_word' id='word_1_197' title='bbox 1041 1504 1208 1558; x_wconf 89' lang='lat' dir='ltr'><strong>sperica</strong></span> <span class='ocrx_word' id='word_1_198' title='bbox 1240 1503 1319 1544; x_wconf 92' lang='lat' dir='ltr'><strong>celi</strong></span> <span class='ocrx_word' id='word_1_199' title='bbox 1353 1517 1439 1545; x_wconf 94' lang='lat' dir='ltr'><strong>non</strong></span> <span class='ocrx_word' id='word_1_200' title='bbox 1473 1505 1647 1559; x_wconf 85' lang='lat' dir='ltr'><strong>respicit</strong></span> 
     </span>
     <span class='ocr_line' id='line_1_22' title="bbox 103 1573 1648 1627; baseline 0 -13"><span class='ocrx_word' id='word_1_201' title='bbox 103 1573 444 1627; x_wconf 84' lang='lat' dir='ltr'><strong>profunditatem</strong></span> <span class='ocrx_word' id='word_1_202' title='bbox 469 1580 596 1615; x_wconf 84' lang='lat' dir='ltr'><strong>extra</strong></span> <span class='ocrx_word' id='word_1_203' title='bbox 618 1574 761 1615; x_wconf 87' lang='lat' dir='ltr'><strong>celum</strong></span> <span class='ocrx_word' id='word_1_204' title='bbox 784 1581 850 1615; x_wconf 88' lang='lat' dir='ltr'><strong>set</strong></span> <span class='ocrx_word' id='word_1_205' title='bbox 872 1575 986 1616; x_wconf 88' lang='lat' dir='ltr'><strong>intra</strong></span> <span class='ocrx_word' id='word_1_206' title='bbox 1008 1588 1016 1625; x_wconf 93' lang='lat'>;</span> <span class='ocrx_word' id='word_1_207' title='bbox 1048 1581 1092 1616; x_wconf 89' lang='lat' dir='ltr'><strong>et</strong></span> <span class='ocrx_word' id='word_1_208' title='bbox 1114 1574 1214 1615; x_wconf 89' lang='lat' dir='ltr'><strong>ideo</strong></span> <span class='ocrx_word' id='word_1_209' title='bbox 1237 1587 1324 1614; x_wconf 91' lang='lat' dir='ltr'><strong>non</strong></span> <span class='ocrx_word' id='word_1_210' title='bbox 1346 1573 1479 1615; x_wconf 87' lang='lat' dir='ltr'><strong>habet</strong></span> <span class='ocrx_word' id='word_1_211' title='bbox 1499 1574 1648 1615; x_wconf 87' lang='lat' dir='ltr'><strong>locum</strong></span> 
     </span>
     <span class='ocr_line' id='line_1_23' title="bbox 103 1642 599 1685; baseline 0 -1"><span class='ocrx_word' id='word_1_212' title='bbox 103 1649 242 1685; x_wconf 79' lang='lat' dir='ltr'><strong>extra.</strong></span> <span class='ocrx_word' id='word_1_213' title='bbox 596 1642 599 1643; x_wconf 45' lang='lat'><em>⁷</em></span> 
     </span>
     <span class='ocr_line' id='line_1_24' title="bbox 163 1712 1648 1768; baseline 0.001 -15"><span class='ocrx_word' id='word_1_214' title='bbox 163 1713 276 1754; x_wconf 91' lang='lat' dir='ltr'><strong>Item</strong></span> <span class='ocrx_word' id='word_1_215' title='bbox 311 1727 469 1768; x_wconf 89' lang='lat' dir='ltr'><strong>corpus</strong></span> <span class='ocrx_word' id='word_1_216' title='bbox 506 1714 587 1756; x_wconf 89' lang='lat' dir='ltr'><strong>celi</strong></span> <span class='ocrx_word' id='word_1_217' title='bbox 623 1714 680 1755; x_wconf 90' lang='lat' dir='ltr'><strong>ab</strong></span> <span class='ocrx_word' id='word_1_218' title='bbox 715 1721 843 1755; x_wconf 88' lang='lat' dir='ltr'><strong>extra</strong></span> <span class='ocrx_word' id='word_1_219' title='bbox 881 1720 1029 1768; x_wconf 91' lang='lat' dir='ltr'><strong>potest</strong></span> <span class='ocrx_word' id='word_1_220' title='bbox 1061 1713 1206 1754; x_wconf 87' lang='lat' dir='ltr'><strong>Iocum</strong></span> <span class='ocrx_word' id='word_1_221' title='bbox 1239 1713 1406 1766; x_wconf 91' lang='lat' dir='ltr'><strong>replere</strong></span> <span class='ocrx_word' id='word_1_222' title='bbox 1435 1712 1440 1768; x_wconf 91' lang='grc' dir='ltr'>Ι</span> <span class='ocrx_word' id='word_1_223' title='bbox 1467 1719 1510 1754; x_wconf 92' lang='grc' dir='ltr'><strong>θῖ</strong></span> <span class='ocrx_word' id='word_1_224' title='bbox 1544 1713 1648 1755; x_wconf 89' lang='lat' dir='ltr'><strong>facit</strong></span> 
     </span>
     <span class='ocr_line' id='line_1_25' title="bbox 103 1781 1646 1834; baseline 0.001 -11"><span class='ocrx_word' id='word_1_225' title='bbox 103 1783 365 1824; x_wconf 87' lang='lat' dir='ltr'><strong>distanciam</strong></span> <span class='ocrx_word' id='word_1_226' title='bbox 399 1785 511 1825; x_wconf 91' lang='lat' dir='ltr'><strong>inter</strong></span> <span class='ocrx_word' id='word_1_227' title='bbox 543 1784 678 1825; x_wconf 88' lang='lat' dir='ltr'><strong>latera</strong></span> <span class='ocrx_word' id='word_1_228' title='bbox 711 1783 988 1834; x_wconf 89' lang='lat' dir='ltr'><strong>continentis,</strong></span> <span class='ocrx_word' id='word_1_229' title='bbox 1020 1783 1130 1824; x_wconf 90' lang='lat' dir='ltr'><strong>sicut</strong></span> <span class='ocrx_word' id='word_1_230' title='bbox 1159 1782 1302 1823; x_wconf 90' lang='lat' dir='ltr'><strong>celum</strong></span> <span class='ocrx_word' id='word_1_231' title='bbox 1333 1781 1510 1823; x_wconf 91' lang='lat' dir='ltr'><strong>inferius</strong></span> <span class='ocrx_word' id='word_1_232' title='bbox 1543 1782 1646 1825; x_wconf 87' lang='lat' dir='ltr'><strong>facit</strong></span> 
     </span>
     <span class='ocr_line' id='line_1_26' title="bbox 43 1851 1645 1907; baseline 0 -13"><span class='ocrx_word' id='word_1_233' title='bbox 43 1862 81 1894; x_wconf 86' lang='lat'><strong>25</strong></span> <span class='ocrx_word' id='word_1_234' title='bbox 104 1852 365 1894; x_wconf 89' lang='lat' dir='ltr'><strong>distanciam</strong></span> <span class='ocrx_word' id='word_1_235' title='bbox 400 1854 513 1894; x_wconf 90' lang='lat' dir='ltr'><strong>inter</strong></span> <span class='ocrx_word' id='word_1_236' title='bbox 542 1852 677 1894; x_wconf 89' lang='lat' dir='ltr'><strong>latera</strong></span> <span class='ocrx_word' id='word_1_237' title='bbox 706 1852 788 1894; x_wconf 89' lang='lat' dir='ltr'><strong>celi</strong></span> <span class='ocrx_word' id='word_1_238' title='bbox 815 1852 1063 1907; x_wconf 87' lang='lat' dir='ltr'><strong>superioris,</strong></span> <span class='ocrx_word' id='word_1_239' title='bbox 1085 1852 1188 1905; x_wconf 87' lang='lat' dir='ltr'><strong>quia</strong></span> <span class='ocrx_word' id='word_1_240' title='bbox 1211 1865 1369 1905; x_wconf 90' lang='lat' dir='ltr'><strong>corpus</strong></span> <span class='ocrx_word' id='word_1_241' title='bbox 1397 1851 1480 1893; x_wconf 88' lang='lat' dir='ltr'><strong>celi</strong></span> <span class='ocrx_word' id='word_1_242' title='bbox 1503 1852 1645 1894; x_wconf 91' lang='lat' dir='ltr'><strong>ultimi</strong></span> 
     </span>
     <span class='ocr_line' id='line_1_27' title="bbox 103 1920 1647 1975; baseline 0.001 -14"><span class='ocrx_word' id='word_1_243' title='bbox 103 1927 259 1974; x_wconf 91' lang='lat' dir='ltr'><strong>aptum</strong></span> <span class='ocrx_word' id='word_1_244' title='bbox 295 1927 360 1962; x_wconf 86' lang='lat' dir='ltr'><strong>est</strong></span> <span class='ocrx_word' id='word_1_245' title='bbox 401 1923 458 1963; x_wconf 89' lang='lat' dir='ltr'><strong>ad</strong></span> <span class='ocrx_word' id='word_1_246' title='bbox 500 1922 792 1975; x_wconf 90' lang='lat' dir='ltr'><strong>replecionem</strong></span> <span class='ocrx_word' id='word_1_247' title='bbox 835 1921 930 1969; x_wconf 87' lang='lat' dir='ltr'><strong>loci,</strong></span> <span class='ocrx_word' id='word_1_248' title='bbox 975 1927 1018 1961; x_wconf 94' lang='lat' dir='ltr'><strong>et</strong></span> <span class='ocrx_word' id='word_1_249' title='bbox 1061 1927 1209 1974; x_wconf 91' lang='lat' dir='ltr'><strong>potest</strong></span> <span class='ocrx_word' id='word_1_250' title='bbox 1250 1920 1394 1961; x_wconf 88' lang='lat' dir='ltr'><strong>locum</strong></span> <span class='ocrx_word' id='word_1_251' title='bbox 1438 1921 1647 1962; x_wconf 88' lang='lat' dir='ltr'><strong>veraciter</strong></span> 
     </span>
     <span class='ocr_line' id='line_1_28' title="bbox 103 1988 1645 2044; baseline 0.001 -15"><span class='ocrx_word' id='word_1_252' title='bbox 103 1990 284 2043; x_wconf 90' lang='lat' dir='ltr'><strong>replere.</strong></span> <span class='ocrx_word' id='word_1_253' title='bbox 330 1989 408 2032; x_wconf 89' lang='lat' dir='ltr'><strong>Set</strong></span> <span class='ocrx_word' id='word_1_254' title='bbox 431 1990 697 2044; x_wconf 87' lang='lat' dir='ltr'><strong>possibilitas</strong></span> <span class='ocrx_word' id='word_1_255' title='bbox 720 1997 764 2031; x_wconf 92' lang='lat' dir='ltr'><strong>et</strong></span> <span class='ocrx_word' id='word_1_256' title='bbox 785 1990 991 2042; x_wconf 90' lang='lat' dir='ltr'><strong>aptitudo</strong></span> <span class='ocrx_word' id='word_1_257' title='bbox 1009 1989 1220 2030; x_wconf 89' lang='lat' dir='ltr'><strong>naturalis</strong></span> <span class='ocrx_word' id='word_1_258' title='bbox 1243 2003 1329 2030; x_wconf 92' lang='lat' dir='ltr'><strong>non</strong></span> <span class='ocrx_word' id='word_1_259' title='bbox 1351 1995 1452 2030; x_wconf 89' lang='lat' dir='ltr'><strong>sunt</strong></span> <span class='ocrx_word' id='word_1_260' title='bbox 1474 1988 1645 2043; x_wconf 86' lang='lat' dir='ltr'><strong>frustra,</strong></span> 
     </span>
     <span class='ocr_line' id='line_1_29' title="bbox 103 2059 1645 2114; baseline 0 -14"><span class='ocrx_word' id='word_1_261' title='bbox 103 2065 146 2100; x_wconf 87' lang='lat' dir='ltr'><strong>et</strong></span> <span class='ocrx_word' id='word_1_262' title='bbox 179 2060 222 2100; x_wconf 92' lang='lat' dir='ltr'><strong>in</strong></span> <span class='ocrx_word' id='word_1_263' title='bbox 255 2060 475 2114; x_wconf 86' lang='lat' dir='ltr'><strong>perpetuis</strong></span> <span class='ocrx_word' id='word_1_264' title='bbox 512 2073 599 2101; x_wconf 90' lang='lat' dir='ltr'><strong>non</strong></span> <span class='ocrx_word' id='word_1_265' title='bbox 634 2059 778 2102; x_wconf 86' lang='lat' dir='ltr'><strong>differt</strong></span> <span class='ocrx_word' id='word_1_266' title='bbox 811 2074 904 2100; x_wconf 90' lang='lat' dir='ltr'><strong>esse</strong></span> <span class='ocrx_word' id='word_1_267' title='bbox 936 2065 980 2100; x_wconf 93' lang='lat' dir='ltr'><strong>et</strong></span> <span class='ocrx_word' id='word_1_268' title='bbox 1017 2073 1158 2112; x_wconf 88' lang='lat' dir='ltr'><strong>posse,</strong></span> <span class='ocrx_word' id='word_1_269' title='bbox 1197 2072 1302 2112; x_wconf 81' lang='lat' dir='ltr'><strong>ergo</strong></span> <span class='ocrx_word' id='word_1_270' title='bbox 1334 2059 1478 2100; x_wconf 90' lang='lat' dir='ltr'><strong>celum</strong></span> <span class='ocrx_word' id='word_1_271' title='bbox 1510 2060 1645 2101; x_wconf 88' lang='lat' dir='ltr'><strong>habet</strong></span> 
     </span>
     <span class='ocr_line' id='line_1_30' title="bbox 101 2127 1645 2182; baseline 0.001 -14"><span class='ocrx_word' id='word_1_272' title='bbox 101 2127 247 2170; x_wconf 90' lang='lat' dir='ltr'><strong>locum</strong></span> <span class='ocrx_word' id='word_1_273' title='bbox 286 2129 328 2169; x_wconf 91' lang='lat' dir='ltr'><strong>in</strong></span> <span class='ocrx_word' id='word_1_274' title='bbox 363 2135 464 2170; x_wconf 85' lang='lat' dir='ltr'><strong>actu</strong></span> <span class='ocrx_word' id='word_1_275' title='bbox 502 2135 630 2170; x_wconf 86' lang='lat' dir='ltr'><strong>extra</strong></span> <span class='ocrx_word' id='word_1_276' title='bbox 661 2143 719 2180; x_wconf 89' lang='lat' dir='ltr'><strong>se,</strong></span> <span class='ocrx_word' id='word_1_277' title='bbox 751 2135 818 2170; x_wconf 89' lang='lat' dir='ltr'><strong>set</strong></span> <span class='ocrx_word' id='word_1_278' title='bbox 850 2142 937 2169; x_wconf 92' lang='lat' dir='ltr'><strong>non</strong></span> <span class='ocrx_word' id='word_1_279' title='bbox 969 2128 1162 2182; x_wconf 87' lang='lat' dir='ltr'><strong>plenum,</strong></span> <span class='ocrx_word' id='word_1_280' title='bbox 1193 2128 1296 2181; x_wconf 90' lang='lat' dir='ltr'><strong>quia</strong></span> <span class='ocrx_word' id='word_1_281' title='bbox 1328 2128 1547 2181; x_wconf 86' lang='lat' dir='ltr'><strong>perfectus</strong></span> <span class='ocrx_word' id='word_1_282' title='bbox 1579 2136 1645 2170; x_wconf 89' lang='lat' dir='ltr'><strong>est</strong></span> 
     </span>
     <span class='ocr_line' id='line_1_31' title="bbox 41 2197 1646 2251; baseline 0 -12"><span class='ocrx_word' id='word_1_283' title='bbox 41 2215 82 2248; x_wconf 83' lang='lat'><strong>30</strong></span> <span class='ocrx_word' id='word_1_284' title='bbox 103 2198 304 2248; x_wconf 89' lang='lat' dir='ltr'><strong>mundus,</strong></span> <span class='ocrx_word' id='word_1_285' title='bbox 337 2211 442 2251; x_wconf 85' lang='lat' dir='ltr'><strong>ergo</strong></span> <span class='ocrx_word' id='word_1_286' title='bbox 473 2212 673 2240; x_wconf 89' lang='lat' dir='ltr'><strong>vacuum.</strong></span> <span class='ocrx_word' id='word_1_287' title='bbox 738 2198 798 2239; x_wconf 89' lang='lat' dir='ltr'><strong>Et</strong></span> <span class='ocrx_word' id='word_1_288' title='bbox 832 2198 1068 2239; x_wconf 91' lang='lat' dir='ltr'><strong>dicendum</strong></span> <span class='ocrx_word' id='word_1_289' title='bbox 1103 2203 1167 2237; x_wconf 94' lang='lat' dir='ltr'><strong>est</strong></span> <span class='ocrx_word' id='word_1_290' title='bbox 1204 2197 1323 2249; x_wconf 88' lang='lat' dir='ltr'><strong>quod</strong></span> <span class='ocrx_word' id='word_1_291' title='bbox 1361 2198 1564 2250; x_wconf 88' lang='lat' dir='ltr'><strong>aptitudo</strong></span> <span class='ocrx_word' id='word_1_292' title='bbox 1602 2205 1646 2240; x_wconf 92' lang='lat' dir='ltr'><strong>et</strong></span> 
     </span>
     <span class='ocr_line' id='line_1_32' title="bbox 102 2265 1645 2322; baseline -0.001 -14"><span class='ocrx_word' id='word_1_293' title='bbox 102 2267 309 2320; x_wconf 89' lang='lat' dir='ltr'><strong>potencia</strong></span> <span class='ocrx_word' id='word_1_294' title='bbox 342 2267 496 2317; x_wconf 90' lang='lat' dir='ltr'><strong>active,</strong></span> <span class='ocrx_word' id='word_1_295' title='bbox 535 2267 636 2309; x_wconf 92' lang='lat' dir='ltr'><strong>licet</strong></span> <span class='ocrx_word' id='word_1_296' title='bbox 670 2267 713 2307; x_wconf 92' lang='lat' dir='ltr'><strong>in</strong></span> <span class='ocrx_word' id='word_1_297' title='bbox 745 2281 849 2308; x_wconf 89' lang='lat' dir='ltr'><strong>casu</strong></span> <span class='ocrx_word' id='word_1_298' title='bbox 871 2267 1044 2322; x_wconf 42' lang='lat' dir='ltr'><strong>,frustra</strong></span> <span class='ocrx_word' id='word_1_299' title='bbox 1080 2272 1181 2307; x_wconf 90' lang='lat' dir='ltr'><strong>sunt</strong></span> <span class='ocrx_word' id='word_1_300' title='bbox 1217 2271 1261 2306; x_wconf 88' lang='lat' dir='ltr'><strong>et</strong></span> <span class='ocrx_word' id='word_1_301' title='bbox 1302 2265 1457 2316; x_wconf 88' lang='lat' dir='ltr'><strong>ociose,</strong></span> <span class='ocrx_word' id='word_1_302' title='bbox 1494 2272 1645 2307; x_wconf 89' lang='lat' dir='ltr'><strong>tamen</strong></span> 
     </span>
     <span class='ocr_line' id='line_1_33' title="bbox 102 2334 1645 2390; baseline -0.001 -14"><span class='ocrx_word' id='word_1_303' title='bbox 102 2335 308 2390; x_wconf 89' lang='lat' dir='ltr'><strong>aptitudo</strong></span> <span class='ocrx_word' id='word_1_304' title='bbox 341 2341 385 2376; x_wconf 90' lang='lat' dir='ltr'><strong>et</strong></span> <span class='ocrx_word' id='word_1_305' title='bbox 412 2337 621 2389; x_wconf 89' lang='lat' dir='ltr'><strong>potencia</strong></span> <span class='ocrx_word' id='word_1_306' title='bbox 651 2336 822 2390; x_wconf 85' lang='lat' dir='ltr'><strong>passive</strong></span> <span class='ocrx_word' id='word_1_307' title='bbox 854 2349 940 2376; x_wconf 91' lang='lat' dir='ltr'><strong>non</strong></span> <span class='ocrx_word' id='word_1_308' title='bbox 967 2341 1069 2376; x_wconf 89' lang='lat' dir='ltr'><strong>sunt</strong></span> <span class='ocrx_word' id='word_1_309' title='bbox 1092 2334 1238 2376; x_wconf 90' lang='lat' dir='ltr'><strong>ociose</strong></span> <span class='ocrx_word' id='word_1_310' title='bbox 1263 2335 1298 2374; x_wconf 90' lang='lat' dir='ltr'><strong>si</strong></span> <span class='ocrx_word' id='word_1_311' title='bbox 1321 2348 1409 2375; x_wconf 88' lang='lat' dir='ltr'><strong>non</strong></span> <span class='ocrx_word' id='word_1_312' title='bbox 1433 2335 1645 2388; x_wconf 88' lang='lat' dir='ltr'><strong>recipiant</strong></span> 
     </span>
     <span class='ocr_line' id='line_1_34' title="bbox 102 2403 1645 2458; baseline 0.001 -13"><span class='ocrx_word' id='word_1_313' title='bbox 102 2410 262 2453; x_wconf 87' lang='lat' dir='ltr'><strong>actum,</strong></span> <span class='ocrx_word' id='word_1_314' title='bbox 293 2404 396 2457; x_wconf 91' lang='lat' dir='ltr'><strong>quia</strong></span> <span class='ocrx_word' id='word_1_315' title='bbox 428 2405 470 2445; x_wconf 90' lang='lat' dir='ltr'><strong>in</strong></span> <span class='ocrx_word' id='word_1_316' title='bbox 503 2404 565 2445; x_wconf 88' lang='lat' dir='ltr'><strong>eis</strong></span> <span class='ocrx_word' id='word_1_317' title='bbox 598 2419 683 2445; x_wconf 95' lang='lat' dir='ltr'><strong>non</strong></span> <span class='ocrx_word' id='word_1_318' title='bbox 722 2411 800 2456; x_wconf 87' lang='lat' dir='ltr'><strong>est,</strong></span> <span class='ocrx_word' id='word_1_319' title='bbox 831 2418 909 2445; x_wconf 92' lang='lat' dir='ltr'><strong>nec</strong></span> <span class='ocrx_word' id='word_1_320' title='bbox 941 2404 1107 2445; x_wconf 89' lang='lat' dir='ltr'><strong>habent</strong></span> <span class='ocrx_word' id='word_1_321' title='bbox 1140 2404 1256 2444; x_wconf 90' lang='lat' dir='ltr'><strong>unde</strong></span> <span class='ocrx_word' id='word_1_322' title='bbox 1288 2403 1512 2457; x_wconf 85' lang='lat' dir='ltr'><strong>recipiant,</strong></span> <span class='ocrx_word' id='word_1_323' title='bbox 1544 2405 1645 2458; x_wconf 85' lang='lat' dir='ltr'><strong>quia</strong></span> 
     </span>
     <span class='ocr_line' id='line_1_35' title="bbox 144 2504 1645 2554; baseline 0 -17"><span class='ocrx_word' id='word_1_324' title='bbox 144 2517 169 2554; x_wconf 85' lang='lat'><strong>¹1</strong></span> <span class='ocrx_word' id='word_1_325' title='bbox 197 2505 449 2547; x_wconf 88' lang='lat' dir='ltr'><strong>configuretur]</strong></span> <span class='ocrx_word' id='word_1_326' title='bbox 463 2506 737 2545; x_wconf 81' lang='lat' dir='ltr'><strong>configuraretur</strong></span> <span class='ocrx_word' id='word_1_327' title='bbox 746 2505 794 2546; x_wconf 91' lang='lat' dir='ltr'><strong>M,</strong></span> <span class='ocrx_word' id='word_1_328' title='bbox 811 2505 1043 2545; x_wconf 84' lang='lat' dir='ltr'><strong>configuratur</strong></span> <span class='ocrx_word' id='word_1_329' title='bbox 1059 2504 1090 2535; x_wconf 91' lang='grc' dir='ltr'><em>Ο</em></span> <span class='ocrx_word' id='word_1_330' title='bbox 1161 2515 1180 2545; x_wconf 88' lang='grc'>5</span> <span class='ocrx_word' id='word_1_331' title='bbox 1197 2505 1266 2546; x_wconf 88' lang='lat' dir='ltr'><strong>vel]</strong></span> <span class='ocrx_word' id='word_1_332' title='bbox 1283 2516 1352 2536; x_wconf 91' lang='lat' dir='ltr'><strong>non</strong></span> <span class='ocrx_word' id='word_1_333' title='bbox 1368 2505 1399 2537; x_wconf 91' lang='grc' dir='ltr'><em>Ο</em></span> <span class='ocrx_word' id='word_1_334' title='bbox 1467 2507 1489 2536; x_wconf 84' lang='grc'>6</span> <span class='ocrx_word' id='word_1_335' title='bbox 1504 2506 1645 2547; x_wconf 83' lang='lat' dir='ltr'><strong>habeat]</strong></span> 
     </span>
     <span class='ocr_line' id='line_1_36' title="bbox 101 2557 1644 2599; baseline 0 -11"><span class='ocrx_word' id='word_1_336' title='bbox 101 2557 250 2589; x_wconf 87' lang='lat' dir='ltr'><strong>habeto</strong></span> <span class='ocrx_word' id='word_1_337' title='bbox 316 2557 602 2598; x_wconf 85' lang='lat' dir='ltr'><strong>sinequoom.M</strong></span> <span class='ocrx_word' id='word_1_338' title='bbox 675 2557 929 2599; x_wconf 86' lang='lat' dir='ltr'><strong>7superficies]</strong></span> <span class='ocrx_word' id='word_1_339' title='bbox 945 2557 1359 2598; x_wconf 88' lang='lat' dir='ltr'><strong>superficiessinehocM</strong></span> <span class='ocrx_word' id='word_1_340' title='bbox 1445 2557 1644 2598; x_wconf 84' lang='lat' dir='ltr'><strong>80bicitur]</strong></span> 
     </span>
     <span class='ocr_line' id='line_1_37' title="bbox 103 2608 1648 2651; baseline -0.001 -11"><span class='ocrx_word' id='word_1_341' title='bbox 103 2610 269 2649; x_wconf 85' lang='lat' dir='ltr'><strong>objectum</strong></span> <span class='ocrx_word' id='word_1_342' title='bbox 294 2615 347 2641; x_wconf 82' lang='lat' dir='ltr'><strong>est</strong></span> <span class='ocrx_word' id='word_1_343' title='bbox 372 2609 402 2641; x_wconf 87' lang='lat' dir='ltr'><em>O</em></span> <span class='ocrx_word' id='word_1_344' title='bbox 553 2620 591 2641; x_wconf 85' lang='lat'><strong>12</strong></span> <span class='ocrx_word' id='word_1_345' title='bbox 617 2609 667 2651; x_wconf 86' lang='lat' dir='ltr'><strong>et]</strong></span> <span class='ocrx_word' id='word_1_346' title='bbox 691 2611 780 2649; x_wconf 92' lang='lat' dir='ltr'><strong>quod</strong></span> <span class='ocrx_word' id='word_1_347' title='bbox 807 2609 838 2640; x_wconf 88' lang='lat' dir='ltr'>O</span> <span class='ocrx_word' id='word_1_348' title='bbox 1000 2620 1104 2649; x_wconf 85' lang='lat'>13—14</span> <span class='ocrx_word' id='word_1_349' title='bbox 1130 2609 1241 2641; x_wconf 90' lang='lat' dir='ltr'><strong>Dico.</strong></span> <span class='ocrx_word' id='word_1_350' title='bbox 1262 2634 1268 2641; x_wconf 92' lang='lat'>.</span> <span class='ocrx_word' id='word_1_351' title='bbox 1288 2635 1294 2641; x_wconf 95' lang='lat'>.</span> <span class='ocrx_word' id='word_1_352' title='bbox 1316 2609 1423 2651; x_wconf 85' lang='lat' dir='ltr'><strong>recta]</strong></span> <span class='ocrx_word' id='word_1_353' title='bbox 1448 2610 1583 2649; x_wconf 87' lang='lat' dir='ltr'><strong>sperica</strong></span> <span class='ocrx_word' id='word_1_354' title='bbox 1606 2608 1648 2639; x_wconf 93' lang='lat' dir='ltr'><em>M</em></span> 
     </span>
     <span class='ocr_line' id='line_1_38' title="bbox 105 2660 1647 2703; baseline 0 -11"><span class='ocrx_word' id='word_1_355' title='bbox 105 2671 143 2701; x_wconf 92' lang='lat'><strong>17</strong></span> <span class='ocrx_word' id='word_1_356' title='bbox 167 2661 335 2703; x_wconf 85' lang='lat' dir='ltr'><strong>admixta]</strong></span> <span class='ocrx_word' id='word_1_357' title='bbox 354 2661 538 2693; x_wconf 85' lang='lat' dir='ltr'><strong>commixta</strong></span> <span class='ocrx_word' id='word_1_358' title='bbox 557 2661 588 2692; x_wconf 90' lang='lat' dir='ltr'><em>O</em></span> <span class='ocrx_word' id='word_1_359' title='bbox 712 2662 751 2692; x_wconf 87' lang='lat'><strong>18</strong></span> <span class='ocrx_word' id='word_1_360' title='bbox 773 2661 913 2702; x_wconf 82' lang='lat' dir='ltr'><strong>lapidis]</strong></span> <span class='ocrx_word' id='word_1_361' title='bbox 933 2661 1122 2692; x_wconf 83' lang='lat' dir='ltr'><strong>latitudinis</strong></span> <span class='ocrx_word' id='word_1_362' title='bbox 1143 2661 1174 2692; x_wconf 89' lang='lat' dir='ltr'><em>O</em></span> <span class='ocrx_word' id='word_1_363' title='bbox 1304 2671 1346 2701; x_wconf 87' lang='lat'><strong>23</strong></span> <span class='ocrx_word' id='word_1_364' title='bbox 1369 2661 1465 2702; x_wconf 81' lang='lat' dir='ltr'><strong>facit]</strong></span> <span class='ocrx_word' id='word_1_365' title='bbox 1482 2661 1596 2692; x_wconf 82' lang='lat' dir='ltr'><strong>facere</strong></span> <span class='ocrx_word' id='word_1_366' title='bbox 1615 2660 1647 2691; x_wconf 88' lang='lat' dir='ltr'><em>O</em></span> 
     </span>
    </p>
   </div>
   <div class='ocr_carea' id='block_1_3' title="bbox 102 2712 1644 2806">
    <p class='ocr_par' dir='ltr' id='par_1_3' title="bbox 102 2712 1644 2806">
     <span class='ocr_line' id='line_1_39' title="bbox 102 2712 1644 2755; baseline 0.001 -12"><span class='ocrx_word' id='word_1_367' title='bbox 102 2723 145 2753; x_wconf 86' lang='lat'><strong>25</strong></span> <span class='ocrx_word' id='word_1_368' title='bbox 169 2713 264 2755; x_wconf 89' lang='lat' dir='ltr'><strong>quia]</strong></span> <span class='ocrx_word' id='word_1_369' title='bbox 281 2724 386 2754; x_wconf 91' lang='lat' dir='ltr'><strong>quare</strong></span> <span class='ocrx_word' id='word_1_370' title='bbox 405 2713 436 2744; x_wconf 90' lang='grc' dir='ltr'><em>Ο</em></span> <span class='ocrx_word' id='word_1_371' title='bbox 583 2723 623 2752; x_wconf 90' lang='lat'><strong>27</strong></span> <span class='ocrx_word' id='word_1_372' title='bbox 650 2712 729 2753; x_wconf 88' lang='lat' dir='ltr'><strong>Set]</strong></span> <span class='ocrx_word' id='word_1_373' title='bbox 745 2713 801 2744; x_wconf 91' lang='lat' dir='ltr'><strong>vel</strong></span> <span class='ocrx_word' id='word_1_374' title='bbox 820 2713 851 2745; x_wconf 87' lang='lat' dir='ltr'>O</span> <span class='ocrx_word' id='word_1_375' title='bbox 992 2715 1034 2744; x_wconf 85' lang='lat'><strong>28</strong></span> <span class='ocrx_word' id='word_1_376' title='bbox 1058 2718 1092 2744; x_wconf 90' lang='lat' dir='ltr'><strong>et</strong></span> <span class='ocrx_word' id='word_1_377' title='bbox 1109 2713 1186 2754; x_wconf 87' lang='lat' dir='ltr'><strong>alt.]</strong></span> <span class='ocrx_word' id='word_1_378' title='bbox 1204 2724 1223 2744; x_wconf 90' lang='lat' dir='ltr'><strong>a</strong></span> <span class='ocrx_word' id='word_1_379' title='bbox 1242 2712 1273 2743; x_wconf 90' lang='grc' dir='ltr'><em>Ο</em></span> <span class='ocrx_word' id='word_1_380' title='bbox 1436 2723 1474 2753; x_wconf 90' lang='lat'><strong>31</strong></span> <span class='ocrx_word' id='word_1_381' title='bbox 1503 2712 1644 2755; x_wconf 83' lang='lat' dir='ltr'><strong>frustra]</strong></span> 
     </span>
     <span class='ocr_line' id='line_1_40' title="bbox 103 2765 1315 2806; baseline -0.001 -9"><span class='ocrx_word' id='word_1_382' title='bbox 103 2766 266 2797; x_wconf 83' lang='lat' dir='ltr'><strong>frustrate</strong></span> <span class='ocrx_word' id='word_1_383' title='bbox 286 2767 317 2797; x_wconf 91' lang='grc' dir='ltr'><em>Ο</em></span> <span class='ocrx_word' id='word_1_384' title='bbox 406 2770 439 2796; x_wconf 87' lang='grc' dir='ltr'><strong>θῖ</strong></span> <span class='ocrx_word' id='word_1_385' title='bbox 459 2765 590 2806; x_wconf 88' lang='lat' dir='ltr'><strong>ociose]</strong></span> <span class='ocrx_word' id='word_1_386' title='bbox 609 2765 739 2797; x_wconf 89' lang='lat' dir='ltr'><strong>viciose</strong></span> <span class='ocrx_word' id='word_1_387' title='bbox 759 2765 789 2797; x_wconf 91' lang='grc' dir='ltr'><em>Ο</em></span> <span class='ocrx_word' id='word_1_388' title='bbox 923 2775 964 2804; x_wconf 86' lang='lat'><strong>32</strong></span> <span class='ocrx_word' id='word_1_389' title='bbox 989 2765 1120 2806; x_wconf 86' lang='lat' dir='ltr'><strong>ociose]</strong></span> <span class='ocrx_word' id='word_1_390' title='bbox 1138 2765 1265 2796; x_wconf 86' lang='lat' dir='ltr'><strong>viciose</strong></span> <span class='ocrx_word' id='word_1_391' title='bbox 1285 2765 1315 2796; x_wconf 93' lang='grc' dir='ltr'><em>Ο</em></span> 
     </span>
    </p>
   </div>
   <div class='ocr_carea' id='block_1_4' title="bbox 1669 1443 1815 1476">
    <p class='ocr_par' dir='ltr' id='par_1_4' title="bbox 1669 1443 1815 1476">
     <span class='ocr_line' id='line_1_41' title="bbox 1669 1443 1815 1476; baseline 0.021 -3"><span class='ocrx_word' id='word_1_392' title='bbox 1669 1451 1730 1475; x_wconf 91' lang='lat'><strong>110</strong></span> <span class='ocrx_word' id='word_1_393' title='bbox 1746 1443 1767 1474; x_wconf 91' lang='lat' dir='ltr'>b</span> <span class='ocrx_word' id='word_1_394' title='bbox 1787 1452 1815 1476; x_wconf 89' lang='lat'><strong>2.</strong></span> 
     </span>
    </p>
   </div>
   <div class='ocr_carea' id='block_1_5' title="bbox 1668 1722 1815 1763">
    <p class='ocr_par' dir='ltr' id='par_1_5' title="bbox 1668 1722 1815 1763">
     <span class='ocr_line' id='line_1_42' title="bbox 1668 1722 1815 1763; baseline 0.007 -9"><span class='ocrx_word' id='word_1_395' title='bbox 1668 1722 1709 1754; x_wconf 90' lang='lat' dir='ltr'><strong>O.</strong></span> <span class='ocrx_word' id='word_1_396' title='bbox 1728 1731 1768 1763; x_wconf 84' lang='lat'><strong>35</strong></span> <span class='ocrx_word' id='word_1_397' title='bbox 1786 1733 1815 1755; x_wconf 87' lang='lat' dir='ltr'><strong>a.</strong></span> 
     </span>
    </p>
   </div>
  </div>
 </body>
</html>
