1945 3079
1031 46 1116 99 336

294 162 473 212 Mundi,
501 167 543 203 et
574 161 755 215 quidam
779 160 925 214 ipsum
957 166 1203 215 sequentes,
1224 161 1344 215 quod
1377 161 1411 202 si
1445 159 1848 215 ymaginaverimus
1877 162 1880 165 ’

293 234 375 274 hos
395 238 539 273 motus
555 245 633 284 per
647 231 996 272 abstraccionem
1014 245 1039 272 a
1058 231 1240 272 materia
1255 231 1443 272 naturali
1460 238 1504 273 et
1520 230 1850 279 mathematice,

294 309 399 344 tunc
422 301 534 342 bene
557 307 659 342 sunt
681 301 901 342 contrarii.
965 300 1044 342 Set
1073 301 1332 342 naturaliter
1359 315 1445 342 non
1471 307 1620 355 posset
1649 300 1734 341 hoc
1756 299 1849 341 fieri

292 371 361 412 vel
397 385 502 419 csse,
526 371 631 424 quia
663 370 950 412 contrarietas
983 370 1209 412 induceret
1241 370 1643 424 inpossibilitatem,
1674 369 1850 421 scilicet,

293 442 413 495 quod
452 440 495 481 in
533 440 690 482 eadem
727 440 873 494 specie
910 446 1025 481 esset
1059 440 1359 481 contrarietas.
1423 440 1542 481 Nam
1574 439 1665 480 duo
1701 445 1888 485 motus5

295 524 425 565 super
448 511 565 552 idem
584 516 785 552 centrum
809 516 852 551 et
875 523 1005 564 super
1027 511 1206 551 eosdem
1225 509 1353 563 polos
1375 517 1521 551 essent
1543 510 1731 551 duorum
1753 522 1848 550 cor-

300 594 459 635 porum
491 580 760 621 naturalium
794 579 992 633 ejusdem
1022 579 1197 633 speciei,
1219 585 1263 620 et
1294 580 1394 620 ideo
1421 586 1538 621 esset
1565 579 1851 621 contrarietas

299 651 342 691 in
366 651 522 691 eadem
553 650 710 704 specie,
741 656 785 692 et
813 649 856 690 id
885 650 1126 690 secundum
1159 662 1234 690 eos
1267 649 1310 689 in
1339 649 1615 691 naturalibus
1644 662 1738 690 esse
1763 662 1851 689 non

299 726 458 774 potest,
496 720 596 762 licet
634 720 675 761 in
713 719 1051 761 mathematicis.
1114 719 1248 770 Nam,
1294 725 1342 759 ut
1379 719 1462 772 ipsi
1504 719 1668 769 dicunt,
1712 718 1853 760 multa

298 804 533 844 possumus
548 790 798 844 ymaginari
814 789 1126 831 mathematice
1149 803 1234 843 que
1252 803 1340 830 non
1362 794 1548 843 possunt
1566 803 1661 830 esse
1674 795 1852 830 natura-
1875 799 1915 822 10

297 860 408 910 liter,
444 867 493 902 ut
530 861 651 914 quod
689 873 817 914 spera
853 865 1008 913 tangat
1045 859 1226 914 planum
1255 860 1298 900 in
1327 865 1505 914 puncto,
1542 859 1644 912 quia
1681 858 1850 900 mathe-

297 930 460 971 matica
482 929 809 970 demonstracio
832 936 899 970 est
924 942 1056 982 super
1080 929 1176 980 hoc,
1200 936 1266 970 set
1292 942 1380 970 non
1406 935 1553 982 potest
1574 929 1659 969 hoc
1687 941 1782 970 esse
1807 928 1851 968 in

298 999 483 1040 materia
506 999 707 1047 naturali,
732 1004 781 1038 ut
803 998 1033 1040 affirmant.
1097 997 1175 1040 Set
1204 997 1460 1052 exemplum
1491 998 1611 1052 quod
1639 998 1853 1039 inducunt

295 1075 361 1110 est
395 1068 554 1109 falsum
586 1068 891 1121 proculdubio.
954 1068 1072 1109 Nam
1105 1068 1249 1122 primo
1279 1067 1347 1110 est
1375 1075 1528 1110 contra
1560 1067 1852 1109 Aristotelem

152 1152 193 1194 98
213 1162 232 1182 a
250 1160 278 1182 2.
299 1139 442 1193 primo
464 1138 515 1179 de
531 1138 714 1190 Anima,
736 1138 929 1179 secundo
958 1136 962 1193 Ι
991 1137 1124 1178 currit
1148 1138 1472 1180 demonstracio
1495 1152 1625 1191 super
1645 1136 1729 1180 hoc
1759 1144 1852 1179 tam
1874 1151 1914 1184 15

299 1210 341 1250 in
364 1208 639 1250 naturalibus
665 1222 801 1262 quam
829 1208 871 1248 in
895 1207 1232 1256 mathematicis,
1257 1213 1305 1249 ut
1335 1208 1455 1262 prius
1485 1207 1527 1248 in
1552 1207 1852 1249 Geometrica-

294 1279 410 1320 libus
433 1284 499 1319 est
520 1279 788 1332 expositum.

359 1349 494 1403 Quod
517 1354 666 1389 autem
688 1347 744 1388 de
767 1347 997 1402 principali
1020 1347 1171 1388 dicunt
1201 1361 1289 1388 non
1312 1354 1460 1401 potest
1487 1354 1618 1397 stare,
1638 1347 1851 1401 quoniam

302 1420 346 1461 in
381 1417 706 1460 mathematicis
740 1430 833 1458 esse
867 1429 956 1458 non
993 1422 1154 1470 potest,
1192 1417 1294 1470 quia
1328 1417 1362 1457 si
1401 1416 1524 1458 fieret
1562 1417 1606 1457 in
1641 1416 1737 1468 illis,
1771 1416 1854 1457 erit

301 1488 572 1530 naturaliter.
635 1486 831 1529 Primum
866 1487 1076 1540 probatur
1107 1500 1185 1541 per
1213 1487 1306 1541 jam
1335 1487 1464 1535 dicta,
1490 1487 1593 1540 quia
1624 1493 1852 1529 ostensum
1876 1475 1938 1528 20*

300 1566 366 1601 est
409 1559 528 1612 quod
571 1571 716 1612 neque
757 1571 891 1611 penes
933 1564 1078 1598 totum
1116 1557 1325 1598 circulum
1358 1571 1500 1612 neque
1535 1570 1668 1612 penes
1706 1562 1855 1612 partes

300 1629 395 1682 ejus
439 1634 504 1670 est
545 1628 844 1670 contrarietas,
936 1627 1112 1669 Deinde
1162 1628 1281 1680 quod
1334 1641 1400 1668 res
1454 1628 1768 1670 mathematica
1811 1634 1855 1668 et

302 1698 513 1740 naturalis
556 1710 643 1738 non
685 1696 891 1739 differant
943 1697 1025 1738 nisi
1069 1710 1201 1751 penes
1237 1698 1640 1739 consideracionem
1681 1704 1725 1738 et
1765 1711 1853 1739 non

300 1769 541 1810 secundum
566 1781 660 1809 esse
683 1774 726 1809 et
747 1767 989 1808 secundum
1008 1780 1099 1808 rem
1123 1773 1170 1808 ut
1189 1766 1457 1808 Aristoteles
1479 1767 1587 1808 dicit
1603 1773 1647 1809 et
1670 1768 1854 1809 demon-

303 1845 489 1879 stratum
524 1844 589 1879 est
624 1837 666 1877 in
700 1836 1047 1891 llsethaplzisicz's,
1072 1837 1356 1878 manifestum
1389 1843 1456 1878 est
1482 1838 1601 1890 quod
1627 1837 1670 1878 id
1697 1836 1855 1879 accidit
1877 1851 1915 1884 25

304 1908 619 1949 mathematice
661 1914 703 1948 et
740 1906 999 1949 naturaliter
1035 1908 1278 1948 secundum
1314 1921 1408 1948 esse
1445 1907 1487 1948 in
1520 1906 1662 1948 rebus,
1726 1907 1855 1957 Item,

307 1978 425 2019 idem
457 1977 728 2031 impossibile
760 1983 825 2018 est
858 1978 900 2018 in
934 1977 1209 2018 naturalibus
1241 1984 1284 2018 et
1313 1976 1653 2028 mathematicis,
1675 1977 1758 2018 hoc
1789 1983 1854 2018 est

302 2047 591 2089 contrarietas
623 2048 665 2087 in
699 2047 854 2087 eadem
887 2047 1045 2101 specie,
1068 2059 1171 2087 nam
1201 2046 1313 2088 sicut
1341 2046 1402 2086 hii
1433 2053 1580 2088 motus
1610 2046 1677 2088 vel
1706 2046 1855 2089 circuli

302 2116 523 2158 naturales
563 2123 711 2158 essent
743 2116 861 2157 idem
897 2116 939 2156 in
972 2116 1130 2170 specie,
1163 2116 1320 2157 eodem
1354 2116 1488 2157 modo
1522 2123 1565 2157 et
1603 2116 1646 2157 in
1685 2116 1855 2158 mathe-

303 2186 490 2227 maticis.
551 2186 669 2226 Nam
693 2186 837 2226 omnis
855 2185 1040 2227 circulus
1060 2185 1413 2236 mathematicus,
1432 2185 1607 2233 scilicet,
1628 2186 1855 2239 quantitas
1875 2205 1917 2236 30

351 2362 389 2392 15
414 2355 459 2384 de
475 2352 630 2394 Anima]
648 2353 668 2384 i.
684 2354 736 2392 63.
756 2364 809 2393 99.

350 2510 379 2540 3,
401 2511 420 2540 4
446 2500 521 2531 fieri
532 2500 585 2531 vel
597 2510 663 2531 om.
678 2499 708 2530 O
798 2501 819 2530 8
843 2499 893 2541 id]
906 2499 984 2530 ideo
1000 2499 1030 2529 O
1119 2509 1203 2539 9-11
1231 2498 1335 2530 multa
1354 2523 1361 2530 .
1381 2523 1387 2530 .
1405 2520 1413 2528 .
1433 2498 1569 2540 tangat]
1586 2498 1675 2530 linea
1692 2499 1800 2539 tangit
1816 2499 1859 2530 M

309 2563 349 2584 12
373 2552 441 2594 est]
460 2552 548 2583 cadit
567 2551 598 2582 O
720 2561 758 2591 15
783 2551 910 2593 primo]
929 2552 961 2583 in
980 2552 1154 2592 principio
1174 2551 1205 2582 Ο
1381 2553 1420 2581 16
1445 2551 1710 2594 mathematicis]
1723 2552 1854 2583 metha-

306 2606 449 2645 phisicis
469 2604 500 2635 O
658 2615 699 2644 19
723 2605 818 2646 quia]
837 2605 928 2644 quod
949 2603 979 2634 Ο
1097 2603 1179 2645 erit]
1197 2609 1291 2635 esset
1311 2604 1341 2635 Ο
1505 2614 1546 2634 22
1571 2603 1660 2645 ejus]
1679 2614 1800 2635 omnes
1817 2603 1859 2634 M

309 2657 443 2689 Deinde
460 2656 568 2698 quod]
589 2656 732 2688 Demum
752 2667 826 2687 cum
846 2656 877 2687 Ο
1048 2666 1090 2696 25
1115 2655 1166 2697 id]
1184 2656 1273 2687 idem
1296 2655 1326 2686 Ο
1497 2657 1540 2687 26
1564 2655 1659 2697 esse]
1676 2665 1755 2687 esse
1772 2660 1806 2687 et
1825 2654 1857 2686 Ο

305 2720 346 2748 27
373 2709 442 2751 est]
458 2709 629 2741 accideret
649 2709 679 2741 Ο
783 2709 846 2740 hoc
863 2708 932 2749 est]
950 2713 1003 2740 set
1023 2707 1054 2739 Ο
1202 2710 1244 2739 28
1269 2707 1364 2750 nam]
1382 2718 1450 2739 non
1471 2708 1502 2739 O
1650 2718 1692 2749 29
1716 2706 1852 2749 specie]

302 2762 416 2802 specie
433 2762 489 2792 alii
509 2761 540 2792 O
