1945 3079
1038 111 1119 153 312

311 220 352 259 in
377 232 462 270 quo
493 223 557 258 est
586 230 748 271 ponere
785 214 1071 269 inperfectum
1104 221 1147 255 et
1181 214 1277 266 vile,
1308 219 1484 267 oportet
1517 226 1681 266 ponere
1712 212 1853 266 possi-

310 288 521 328 bilitatem
545 286 601 327 ad
634 286 865 339 perfectius
892 291 935 326 et
965 283 1167 332 nobilius,
1189 296 1326 335 quare
1352 289 1497 336 preter
1525 295 1712 334 corpora
1737 287 1856 323 recta

163 373 198 406 9¹
225 365 244 394 b
264 374 290 394 2.
311 354 573 408 generabilia
597 355 676 396 erit
699 354 876 408 aliquod
895 367 1053 406 corpus
1076 350 1402 404 in-lgenerabile
1425 351 1678 392 rotundum.

370 426 481 466 Item
514 438 700 479 corpora
733 430 848 464 recta
879 429 980 464 sunt
1011 420 1255 462 alterabilia
1286 427 1328 461 et
1353 419 1710 474 augmentabilia.
1774 418 1854 460 Set

307 494 514 535 alteracio
554 501 597 535 et
634 499 926 548 augmentum-
960 492 1183 544 inportant
1221 489 1590 542 inperfeccionem
1632 495 1674 529 et
1710 488 1892 542 priva-5

307 563 475 604 cionem
508 569 551 603 et
591 563 699 603 viles
741 561 1040 604 condiciones:
1085 572 1221 612 quare
1263 565 1310 599 ut
1353 558 1485 612 prius.
1551 558 1612 598 Et
1639 555 1748 598 ‘licet
1780 557 1854 598 hic

308 639 559 686 tangantur,
579 639 727 673 tamen
749 629 1036 684 principalem
1060 629 1226 669 habent
1248 623 1646 669 consideracionem
1672 634 1855 681 propter

307 716 535 743 numerum
568 708 612 742 et
635 701 966 742 distinccionem
992 699 1188 752 parcium
1222 698 1388 747 mundi,
1411 703 1459 738 ut
1481 710 1540 737 ex
1569 697 1854 750 sequentibus

306 772 387 812 erit
412 769 703 812 manifestum.
768 770 882 810 Item
905 769 939 809 si
963 768 1110 809 omnia
1132 774 1277 807 essent
1296 780 1430 807 unum
1449 779 1612 820 corpus
1634 767 1676 806 in
1696 772 1854 807 natura

306 847 350 881 et
382 853 577 889 numero,
610 846 713 880 tunc
747 839 863 879 idem
902 842 1016 878 esset
1050 836 1244 878 calidum
1276 842 1320 877 et
1356 835 1577 889 frigidum,
1620 837 1777 877 durum
1809 842 1853 877 et
1875 848 1916 871 10

307 909 452 960 molle,
485 922 628 949 rarum
666 915 710 949 et
744 909 941 958 densum,
974 911 1017 946 et
1055 905 1115 945 sic
1151 906 1208 947 de
1239 905 1440 946 omnibus
1473 904 1854 946 contrarietatibus

307 977 591 1019 naturalibus.
657 975 736 1018 Set
772 976 845 1028 qui
885 976 967 1016 hoc
1009 974 1143 1015 sentit
1181 975 1348 1028 indiget
1387 987 1500 1028 pena
1542 981 1586 1015 et
1622 987 1766 1025 sensu,
1804 979 1853 1016 ut

304 1046 570 1087 Aristoteles
612 1046 717 1087 dicit
760 1045 904 1098 primo
940 1044 993 1085 de
1030 1043 1330 1101 Geueracz'onez
1358 1050 1509 1085 contra
1543 1043 1852 1085 Parmenidem

304 1123 348 1157 et
372 1115 613 1156 Melissum.

365 1184 445 1226 Set
479 1185 521 1225 in
554 1185 819 1226 contrarium
854 1184 1007 1234 multa,
1042 1183 1145 1225 licet
1185 1182 1426 1236 sophistica
1467 1189 1617 1225 tamen
1660 1178 1852 1233 subtilia,
1873 1193 1911 1227 15

304 1254 463 1295 adduci
485 1261 669 1308 possunt
691 1268 777 1308 que
800 1254 919 1306 prius
940 1253 1190 1294 habuerunt
1220 1253 1366 1294 locum
1388 1253 1501 1294 circa
1531 1253 1851 1295 consideracio-

304 1337 405 1364 nem
427 1324 564 1365 vacui.
627 1323 708 1365 Set
733 1322 976 1364 secundum
1006 1322 1275 1364 sentenciam
1309 1321 1580 1363 Parmenidis
1610 1329 1655 1364 et
1685 1321 1853 1363 Melissi

303 1394 500 1447 arguitur
520 1393 639 1446 quod
668 1393 822 1446 positis
853 1392 1035 1434 diversis
1061 1392 1318 1445 corporibus
1348 1392 1679 1446 quibuscunque
1701 1392 1745 1432 in
1769 1391 1853 1433 hoc

306 1464 486 1514 mundo,
519 1462 609 1503 sive
644 1462 729 1516 sint
766 1461 940 1503 celestia
973 1461 1065 1503 sive
1097 1460 1315 1502 elementa
1341 1461 1431 1502 sive
1466 1460 1727 1513 artificialia,
1760 1461 1852 1502 sive

305 1531 519 1572 naturalia
540 1532 759 1585 contigua,
776 1530 969 1572 elevetur
984 1543 1119 1571 unum
1137 1531 1194 1571 ab
1209 1530 1312 1571 alio.
1373 1529 1487 1571 Cum
1505 1530 1674 1572 nullum
1689 1543 1850 1583 corpus
1872 1545 1915 1570 20

303 1607 369 1642 est
391 1600 433 1641 in
456 1601 599 1642 medio
622 1614 774 1642 eorum
797 1600 915 1653 quod
945 1600 1085 1654 possit
1104 1598 1273 1652 replere
1298 1600 1495 1654 spacium
1527 1600 1734 1653 undique,
1756 1606 1850 1641 tam

307 1669 349 1710 in
392 1669 540 1710 medio
582 1683 715 1723 quam
758 1670 801 1710 in
843 1668 1065 1717 lateribus,
1108 1682 1186 1709 nec
1229 1675 1377 1723 potest
1418 1683 1514 1710 esse
1555 1683 1758 1717 vacuum,
1802 1676 1850 1710 ut

303 1744 528 1779 ostensum
558 1745 624 1780 est
652 1738 785 1791 prius,
815 1744 990 1792 oportet
1019 1739 1141 1790 quod
1171 1751 1329 1791 corpus
1361 1738 1610 1792 ingrediens
1632 1753 1683 1780 ea
1705 1737 1782 1780 fiat
1805 1739 1849 1778 in

304 1807 483 1848 instanti
506 1821 531 1848 a
554 1807 761 1849 lateribus
785 1821 933 1848 eorum
958 1807 999 1847 in
1022 1807 1232 1849 medium.
1299 1807 1362 1849 Ut
1385 1808 1532 1862 gracia
1561 1808 1770 1862 exempli,
1793 1808 1850 1849 sit

304 1889 390 1917 una
424 1875 573 1918 tabula
610 1876 738 1931 plane
774 1876 1017 1930 superficiei
1048 1876 1316 1918 circulariter
1345 1876 1567 1930 applicata
1599 1878 1654 1918 ad
1685 1891 1848 1931 aquam
1871 1889 1910 1923 25

301 1945 369 1985 vel
411 1959 569 1996 aerem,
607 1946 673 1987 vel
702 1946 881 2000 aliquod
920 1960 1077 2000 corpus
1111 1945 1293 1999 planum
1326 1947 1369 1987 in
1403 1961 1501 1987 aere
1533 1946 1600 1988 vel
1632 1961 1748 2001 aqua
1779 1947 1850 1989 vel

302 2015 474 2055 duabus
507 2014 675 2068 palmis,
699 2028 787 2068 qua
820 2015 989 2055 elevata
1014 2015 1070 2056 ab
1106 2014 1195 2056 alio
1228 2029 1409 2069 corpore
1442 2021 1680 2070 postquam
1707 2017 1849 2059 divisa

300 2088 367 2123 est
390 2084 445 2124 ab
475 2097 527 2125 eo
557 2084 664 2125 dum
688 2098 761 2125 aer
783 2083 849 2125 vel
876 2098 991 2137 aqua
1022 2085 1268 2138 ingreditur
1290 2091 1439 2138 partes
1465 2085 1710 2128 exteriores
1732 2085 1848 2128 illius

300 2152 451 2193 tabule
481 2159 525 2194 et
556 2152 734 2194 alterius
780 2153 984 2208 corporis.
1050 2153 1161 2195 Cum
1194 2167 1282 2195 non
1315 2154 1371 2195 sit
1402 2168 1590 2195 vacuum
1620 2156 1848 2207 perveniet

300 2234 373 2261 aer
402 2221 468 2263 vel
501 2236 615 2275 aqua
641 2223 696 2263 ad
726 2229 871 2275 partes
898 2223 1137 2264 exteriores
1164 2229 1207 2264 et
1233 2224 1289 2264 ad
1319 2230 1515 2265 centrum
1546 2223 1695 2265 tabule
1722 2238 1847 2279 eque.
1867 2236 1910 2268 30

350 2392 388 2422 13
413 2385 459 2414 de
478 2383 756 2424 Generacione]
780 2385 799 2416 i.
819 2395 871 2424 59.

343 2543 363 2572 3
387 2533 468 2574 erit]
486 2539 622 2573 oportet
642 2545 771 2574 ponere
791 2534 822 2565 O
965 2548 981 2576 7
1009 2536 1209 2578 tangantur]
1227 2542 1414 2577 tanguntur
1433 2539 1464 2570 O
1617 2541 1680 2579 7-8
1705 2546 1847 2581 propter

300 2607 308 2615 .
329 2609 336 2616 .
354 2608 362 2616 .
381 2586 498 2616 mundi
515 2597 580 2617 om.
602 2586 632 2617 O
769 2588 808 2618 16
832 2587 961 2629 locum]
980 2588 1093 2619 locum
1111 2599 1207 2620 suurn
1228 2590 1259 2620 O
1386 2592 1425 2621 18
1448 2591 1617 2633 arguitur]
1635 2598 1797 2632 arguatur
1815 2593 1846 2624 O

302 2647 408 2676 19-20
432 2638 504 2669 sive
522 2662 529 2669 .
549 2662 556 2669 .
577 2663 585 2669 .
604 2639 781 2680 contigua]
799 2640 964 2681 contiguit
985 2641 1015 2670 O
1125 2651 1168 2673 20
1191 2642 1295 2683 Cum]
1313 2653 1388 2674 cum
1408 2643 1510 2683 igitur
1528 2644 1559 2675 O
1671 2655 1713 2685 25
1738 2646 1844 2678 circu-

298 2688 431 2729 lariter]
458 2689 631 2720 circularis
660 2690 691 2720 0
841 2693 948 2731 26-27
982 2693 1033 2722 vel
1061 2693 1194 2724 duabus
1219 2695 1340 2733 palmis
1368 2706 1434 2726 om.
1465 2695 1495 2726 O
1650 2707 1691 2736 27
1717 2697 1843 2738 divisa]

298 2740 434 2771 diversa
451 2740 482 2771 O
624 2743 665 2772 28
689 2754 729 2773 eo
749 2743 844 2784 dum]
866 2744 985 2775 eodem
1004 2744 1045 2774 M
1186 2756 1229 2785 30
1254 2747 1463 2788 exteriores]
1482 2747 1595 2779 minus
1613 2748 1794 2781 interiores
1813 2749 1845 2781 Ο

298 2792 402 2833 eque]
420 2803 506 2832 eque
525 2793 592 2824 cito
613 2794 642 2824 O
