1945 3079
124 1800 225 1842 129b
246 1808 273 1831 2.

1017 18 1101 57 442

282 124 582 180 propinquior,
603 130 648 165 et
670 137 770 164 curn
795 123 950 172 minus,
974 124 1201 164 remocior.
1251 123 1333 165 Set
1355 123 1459 177 quia
1480 122 1561 164 hec
1583 123 1701 163 racio
1723 121 1833 163 solvi

283 195 446 250 poterit
462 207 538 248 per
552 193 899 234 uniformitatem
919 199 1067 233 motus
1083 193 1224 246 Lune‚
1237 206 1371 246 quam
1389 192 1521 233 solvit
1530 192 1833 247 Alpetragius‚

284 271 428 320 preter
461 263 728 304 ecentricum
763 261 832 303 vel
868 261 1111 314 epiciclnm,
1146 262 1248 303 ideo
1283 276 1341 302 ex
1378 262 1549 303 diversa
1586 261 1836 315 quantitate

285 333 457 387 eclipsis
494 332 770 386 particularis
803 331 1021 374 difficilior
1058 332 1174 372 racio
1209 332 1322 372 sumi
1360 337 1522 386 potest.
1596 331 1648 371 In
1679 331 1835 372 eadem

286 404 379 457 ejus
401 403 615 444 distancia
637 417 663 443 a
695 402 828 452 nodo,
856 407 899 442 et
922 414 1001 456 per
1023 414 1295 455 consequens
1318 402 1360 441 in
1388 402 1544 442 eadem
1578 400 1834 455 propinqui-
1856 407 1874 440 5

284 479 378 515 tate
395 473 521 513 Lune
543 472 599 513 ad
623 485 758 513 axem
781 472 914 526 ipsius
937 472 1106 519 umbre,
1122 471 1361 524 aliquando
1376 471 1475 525 plus
1497 471 1691 524 corporis
1710 470 1838 510 Lune

285 544 533 597 eclipsatur‚
548 548 591 584 et
609 542 848 596 aliquando
864 542 1009 583 minus
1027 557 1036 594 ;
1055 541 1138 583 hoc
1155 548 1304 583 autem
1323 541 1595 596 impossibile
1611 528 1700 581 non
1717 539 1837 580 vide-

287 620 359 654 tur
381 613 591 664 accidere,
615 612 694 653 nisi
716 626 775 661 ex
799 612 953 665 majori
975 612 1200 653 vicinitate
1223 612 1316 665 ejus
1338 613 1394 653 ad
1417 617 1576 652 terram
1600 617 1644 651 et
1668 608 1836 650 minori.

347 682 482 736 Quod
505 683 541 723 si
564 682 647 723 hiis
669 681 920 722 racionibus
942 681 1075 735 aliqui
1098 681 1334 722 adversarii
1353 681 1583 732 noluerint,
1606 679 1836 734 supposita

289 752 402 795 forte
426 752 732 800 interimendo,
757 751 826 792 vel
849 752 1044 805 ipsorum
1072 751 1202 791 aliam
1228 765 1405 792 causam
1434 764 1568 804 quam
1591 750 1837 805 predictam
1861 759 1903 782 10

287 823 570 876 assignando,
608 821 807 874 sequenti
847 821 1019 861 racione
1057 821 1188 862 fidem
1227 820 1438 862 adhibere
1474 819 1704 875 proposita
1740 818 1839 872 cogi

288 892 505 932 videntur.

350 961 497 1003 Omne
520 962 636 1003 enim
659 961 831 1003 visibile
861 962 1098 1015 aliquando
1125 974 1342 1015 apparens
1373 961 1454 1002 sub
1485 959 1641 1013 majori
1664 957 1846 1012 angulo,

289 1031 529 1084 aliquando
552 1022 828 1082 sub-minori,
847 1031 943 1084 ipso
961 1030 1121 1071 visibili
1143 1031 1186 1070 in
1211 1044 1257 1071 se
1274 1044 1363 1072 non
1386 1036 1570 1080 mutato,
1589 1043 1667 1070 nec
1685 1029 1845 1076 medio,

290 1114 370 1142 nec
398 1100 508 1153 visu,
529 1100 767 1154 aliquando
797 1107 864 1142 est
884 1101 996 1142 visui
1023 1101 1324 1156 propinquius,
1347 1100 1586 1154 aliquando
1613 1100 1842 1142 remocius.
1866 1112 1905 1144 15

292 1170 372 1212 Set
408 1171 586 1224 planete
622 1176 724 1211 sunt
757 1170 1025 1224 hujusmodi.
1103 1169 1264 1224 Quare,
1301 1177 1379 1212 etc,
1444 1170 1663 1210 Minorem
1697 1159 1845 1223 potest

291 1239 478 1293 quilibet
508 1253 596 1281 non
629 1239 771 1282 solum
806 1241 848 1280 in
881 1240 1172 1295 philosophia,
1194 1241 1332 1282 immo
1362 1240 1483 1280 rudis
1506 1245 1549 1279 et
1573 1239 1844 1293 inexpertus,

293 1310 381 1351 fide
399 1310 600 1352 occulata
615 1312 920 1364 comprobare.
970 1311 1084 1353 Cum
1101 1311 1215 1351 enim
1236 1311 1393 1364 aliquis
1410 1311 1542 1352 trium
1566 1310 1843 1365 planetarum

292 1380 566 1432 superiorum
599 1380 731 1421 fuerit
753 1381 795 1420 in
822 1381 1110 1434 opposicione
1139 1380 1194 1421 ad
1221 1379 1384 1431 Solem,
1408 1380 1640 1434 apparebit
1662 1379 1847 1420 sensibi-

293 1449 391 1490 liter
424 1449 602 1503 majoris
634 1450 898 1503 quantitatis
933 1464 1068 1504 quam
1103 1463 1204 1490 cum
1240 1448 1368 1491 fuerit
1401 1450 1442 1491 in
1465 1449 1552 1489 alio
1575 1455 1760 1503 aspectu
1788 1447 1844 1489 ad
1869 1463 1910 1486 20

294 1520 450 1572 ipsam.
526 1519 596 1560 Ita
627 1520 746 1572 quod
783 1527 952 1573 quanto
990 1520 1071 1560 soli
1111 1520 1251 1574 magis
1288 1519 1679 1574 approximaverit,
1719 1523 1846 1558 tanto

295 1588 477 1629 minoris
516 1589 775 1642 quantitatis
812 1590 1056 1642 apparebit.
1131 1589 1190 1631 Et
1222 1589 1302 1630 hec
1334 1588 1598 1643 apparencia
1631 1587 1846 1643 posicioni

297 1657 547 1698 Ptholomei
591 1659 787 1700 maxime
829 1660 1070 1700 concordat
1112 1665 1329 1712 quantum
1373 1659 1429 1699 ad
1472 1658 1680 1712 epiciclos
1722 1663 1765 1698 et
1805 1657 1848 1697 in

296 1728 485 1782 epiciclis
510 1734 656 1769 motus
686 1741 796 1781 quos
819 1729 1102 1782 ymaginatur
1124 1730 1166 1770 in
1189 1729 1317 1770 dictis
1340 1728 1541 1783 planetis.
1605 1727 1844 1782 Quoniam,

295 1798 536 1838 secundum
560 1798 717 1851 ipsum,
740 1813 838 1840 cum
856 1798 985 1840 fuerit
1009 1799 1051 1838 in
1068 1799 1351 1853 opposicione
1373 1800 1429 1840 ad
1460 1799 1464 1853 Ι
1493 1797 1658 1850 Solem,
1675 1810 1850 1851 semper
1871 1812 1909 1845 25

295 1874 397 1908 sunt
421 1868 463 1907 in
491 1874 615 1921 parte
645 1868 835 1908 inferiori
859 1868 1057 1922 epicicli3
1092 1874 1135 1909 et
1165 1882 1265 1909 curn
1297 1868 1455 1910 fuerint
1487 1867 1579 1909 Soli
1612 1867 1847 1921 conjuncti,

295 1943 397 1977 sunt
421 1937 462 1976 in
487 1943 611 1990 parte
633 1938 856 1991 superiori.
921 1939 981 1979 Et
1003 1953 1029 1980 a
1052 1944 1251 1992 tempore
1274 1937 1600 1991 conjunccionis
1630 1950 1767 1990 usque
1789 1937 1845 1977 ad

293 2006 627 2060 opposicionem
650 2007 859 2049 describit
881 2021 1013 2053 unam
1039 2008 1324 2049 medietatem
1343 2006 1511 2060 epicicli
1536 2019 1710 2059 semper
1731 2012 1848 2046 terre

294 2076 678 2130 approximando;
713 2083 755 2118 et
779 2077 836 2119 ab
859 2078 1145 2132 opposicione
1167 2078 1223 2118 ad
1246 2078 1451 2118 iteratam
1474 2076 1846 2129 conjumcionem,

295 2146 427 2186 aliam
453 2146 752 2197 medietatem,
776 2147 1020 2188 successive
1042 2147 1303 2188 distanciam
1334 2146 1428 2200 ejus
1461 2159 1487 2186 a
1517 2151 1633 2186 terra
1664 2157 1848 2186 aumen-
1869 2157 1912 2190 30

294 2216 444 2256 tando.
528 2215 625 2257 Hec
662 2222 811 2257 autern
864 2217 1095 2258 diversitas
1137 2217 1266 2256 trium
1322 2215 1599 2270 planetarum
1651 2215 1848 2255 maxime

296 2292 482 2338 apparet
505 2285 547 2325 in
568 2285 714 2327 Marte
737 2293 917 2340 propter
934 2286 1208 2327 vicinitatem
1231 2284 1325 2339 ejus
1348 2285 1404 2326 ad
1428 2292 1590 2326 terram
1615 2290 1658 2325 et
1676 2282 1847 2337 epicicli

296 2354 675 2408 magnitudinem3
720 2364 764 2398 et
802 2356 945 2397 minus
978 2356 1020 2396 in
1052 2355 1174 2408 Jove,
1211 2361 1390 2409 propter
1419 2367 1576 2395 causas
1606 2353 1849 2407 oppositas,

296 2430 480 2476 apparet
504 2425 642 2465 eciam
668 2425 848 2466 minime
871 2426 913 2466 in
938 2424 1146 2466 Saturno.

356 2493 452 2532 Nec
476 2499 622 2546 potest
645 2495 729 2536 dici
751 2496 870 2548 quod
893 2496 936 2535 in
959 2493 1355 2549 approximacione
1377 2494 1433 2534 ad
1458 2492 1610 2535 Solem
1634 2497 1851 2546 apparent
1871 2500 1911 2532 35

299 2562 479 2603 minoris
515 2564 777 2616 quantitatis
814 2578 894 2605 nec
929 2570 1109 2618 propter
1145 2577 1324 2604 causam
1357 2562 1618 2618 predictam,
1647 2567 1716 2602 set
1748 2573 1849 2601 cum

297 2630 444 2684 aliqua
467 2645 492 2672 a
508 2632 613 2673 Sole
632 2633 780 2674 lumen
807 2634 1036 2687 recipiant,
1053 2635 1165 2675 sicut
1186 2633 1325 2683 Luna,
1341 2639 1522 2686 propter
1545 2630 1850 2685 propinquita-

341 2711 362 2739 6
387 2711 521 2752 umbre]
541 2712 623 2743 libre
642 2712 683 2742 M
814 2724 834 2753 9
859 2713 1047 2753 noluerint]
1066 2713 1235 2744 volumine
1254 2711 1295 2742 M
