1945 3079
824 113 907 154 403

151 209 420 264 (Capitulum
442 219 639 252 octavum
662 211 713 253 de
733 212 909 254 diversa
930 213 1153 268 superficie
1174 214 1400 255 stellarum
1414 221 1456 256 et
1467 215 1634 256 orbium

92 280 301 333 suorum.)

152 369 329 410 Deinde
359 371 659 413 consideratur
684 373 739 413 de
761 372 887 414 stella
906 387 959 414 an
981 375 1038 415 sit
1069 375 1240 416 diversa
1262 389 1339 429 per
1360 375 1635 429 superficiem

93 437 150 479 ab
192 440 286 492 ipso
318 441 424 481 orbe
457 447 501 481 et
535 442 734 494 partibus
771 442 899 490 orbis,
938 444 1058 496 quod
1096 444 1156 484 sic
1190 445 1446 487 ostenditur.
1516 445 1635 485 Nam

58 523 75 554 5
95 508 358 549 continuitas
391 508 633 562 superficiei
669 517 714 552 et
751 512 945 565 corporis
987 519 1054 553 est
1096 526 1122 553 a
1164 514 1456 555 continuitate
1498 514 1635 554 forme

93 577 306 629 specifice,
343 584 391 619 ut
424 585 545 631 patet
584 579 818 632 inductive,
852 593 957 633 ergo
995 594 1095 622 cum
1136 582 1256 622 orbis
1297 589 1341 623 et
1381 583 1507 623 stella
1549 583 1635 623 sint

93 645 263 686 diversa
280 645 322 686 in
337 647 492 699 specie,
515 660 602 688 non
617 653 762 701 potest
786 648 844 688 ibi
867 663 960 690 esse
982 650 1264 691 continuitas.
1320 651 1431 691 Item
1456 664 1543 691 non
1569 657 1636 691 est

93 713 152 754 ibi
169 714 281 755 sicut
303 728 402 768 pars
425 715 467 755 in
497 721 605 765 toto,
629 716 730 769 quia
753 731 854 770 pars
883 730 972 758 non
996 724 1062 758 est
1084 718 1203 758 aliud
1231 719 1274 758 in
1297 719 1490 760 essencia
1511 733 1535 759 a
1557 732 1635 759 suo

93 787 204 832 toto,
241 796 340 824 cum
378 785 434 824 sit
467 785 523 825 de
555 785 805 826 substancia
841 786 995 828 tocius.
1079 786 1367 840 Quapropter
1406 788 1487 827 erit
1525 787 1636 828 sicut

39 867 78 891 ιο
95 850 264 893 locatus
287 853 329 892 in
346 852 452 903 loco,
467 854 570 906 quia
592 853 703 895 alius
727 855 887 895 modus
909 854 1081 896 essendi
1104 869 1192 896 non
1216 861 1365 909 potest
1388 870 1494 898 esse.
1559 855 1638 897 Set

94 920 287 961 locatum
322 921 425 962 facit
459 922 718 964 distanciam
761 923 873 964 inter
914 923 1052 965 latera
1094 925 1375 976 continentis,
1418 933 1461 966 et
1503 925 1638 966 habet

93 990 343 1043 superficies
365 991 596 1032 distinctas
618 993 675 1033 ab
698 1005 765 1034 eo.
814 991 863 1033 Si
887 993 1058 1033 dicatur
1072 999 1238 1043 contra,
1253 994 1356 1046 quia
1369 994 1638 1035 Aristoteles

94 1059 222 1100 docet
244 1061 363 1112 quod
387 1060 513 1101 stella
535 1074 621 1102 non
646 1068 848 1104 movetur
878 1063 957 1102 nisi
988 1076 1066 1116 per
1094 1064 1246 1104 orbem
1266 1076 1275 1113 ;
1307 1068 1374 1104 set
1395 1063 1429 1104 si
1451 1069 1565 1104 esset
1594 1063 1637 1103 in

95 1142 181 1169 una
203 1135 328 1182 parte
350 1130 462 1171 sicut
483 1129 677 1171 locatum
702 1131 745 1171 in
767 1130 879 1179 loco,
902 1138 1049 1186 posset
1072 1133 1226 1172 eadem
1249 1132 1423 1173 racione
1449 1130 1454 1186 Ι
1484 1146 1578 1173 esse
1596 1132 1639 1172 in

39 1211 76 1244 15
96 1197 181 1239 alia
198 1212 470 1252 quacunque,
489 1206 531 1240 et
549 1200 647 1240 ideo
666 1207 817 1253 posset
835 1201 1000 1241 moveri
1020 1202 1075 1242 de
1092 1201 1190 1242 loco
1208 1201 1263 1241 ad
1280 1201 1426 1242 locum
1446 1202 1488 1241 in
1507 1202 1612 1243 orbe
1628 1214 1637 1250 ;

97 1267 333 1308 dicendum
360 1275 425 1309 est
449 1270 568 1321 quod
591 1269 671 1309 nisi
701 1282 833 1310 cause
862 1269 946 1310 alie
973 1270 1251 1323 impedirent,
1274 1269 1357 1311 hoc
1381 1277 1446 1311 est
1474 1284 1639 1312 verum.

98 1334 176 1376 Set
209 1335 346 1377 multe
382 1337 469 1378 alie
505 1350 635 1377 cause
674 1338 933 1391 impediunt,
966 1338 1080 1379 sicut
1121 1339 1372 1391 inquiretur.
1438 1339 1640 1379 Difficilis

96 1411 248 1446 tamen
282 1412 348 1447 est
384 1407 464 1447 hec
496 1407 686 1458 questio.
751 1406 829 1447 Set
867 1408 902 1448 si
933 1407 1076 1461 priora
1107 1414 1210 1448 sunt
1240 1421 1354 1456 vera,
1387 1408 1641 1462 inpossibile

96 1480 163 1515 est
195 1475 317 1528 quod
354 1475 412 1515 ibi
445 1475 502 1516 sit
533 1489 634 1516 vera
670 1476 946 1517 continuitas.
1011 1475 1060 1517 Si
1094 1483 1244 1518 tamen
1278 1476 1513 1518 abhorreat
1545 1478 1641 1531 quis

39 1562 79 1585 20
96 1542 273 1597 plenam
307 1543 635 1596 superficierum
671 1544 986 1596 diversitatem,
1022 1545 1269 1599 distinguat
1305 1547 1642 1587 continuitatem

65 1661 69 1665 ³
98 1626 200 1653 cum
231 1612 476 1654 Aristotele
505 1614 548 1653 in
577 1614 733 1667 quinto
755 1613 1032 1655 th‘sz‘corum
1059 1615 1102 1654 in
1125 1628 1274 1656 veram
1299 1621 1342 1656 et
1365 1629 1453 1656 non
1479 1629 1642 1666 veram,

100 1682 211 1722 sicut
227 1681 374 1735 aliqua
392 1688 492 1722 sunt
511 1695 646 1722 unum
665 1682 970 1734 collocacione‚
989 1690 1037 1724 ut
1060 1684 1179 1731 dicit,
1197 1691 1241 1725 et
1259 1684 1408 1737 aliqua
1422 1691 1642 1737 contactu,

100 1757 148 1792 ut
171 1764 328 1792 nervus
353 1757 396 1792 et
418 1764 480 1801 OS,
502 1757 547 1792 et
568 1751 653 1791 alia
676 1751 928 1804 ligamento,
953 1758 1000 1792 ut
1023 1752 1128 1793 illud
1152 1753 1271 1805 quod
1295 1753 1528 1806 colligatur
1554 1755 1640 1794 ossi

99 1833 176 1874 per
192 1833 390 1870 nervum,
406 1826 449 1860 et
473 1819 621 1860 multis
641 1821 795 1861 modis.
859 1822 1118 1862 Dummodo
1135 1835 1284 1862 veram
1302 1822 1640 1864 continuitatem

41 1901 81 1933 25
98 1903 183 1944 que
205 1890 260 1930 ad
285 1890 498 1930 unitatem
524 1895 679 1930 nature
701 1889 902 1943 specifice
923 1898 1132 1943 sequatur
1153 1904 1240 1931 non
1264 1891 1453 1932 inducat.

158 2001 438 2056 <Capitnlmn
462 2015 622 2043 nonum
644 2002 696 2043 de
718 2009 832 2044 motu
860 2002 1088 2044 stellarum
1101 2012 1185 2058 per
1212 2018 1256 2045 se
1275 2012 1354 2046 ant
1377 2012 1457 2058 per
1479 2012 1643 2046 motum

97 2071 252 2125 orbis.)

160 2153 266 2194 Post
287 2152 371 2193 hoc
392 2152 758 2193 considerandum
781 2159 847 2194 est
869 2155 924 2194 de
947 2160 1070 2194 motu
1093 2153 1221 2194 stelle
1244 2168 1299 2195 an
1322 2161 1550 2195 moveatur
1566 2168 1644 2208 per

101 2235 147 2262 se
164 2234 221 2262 an
238 2235 315 2275 per
337 2227 506 2262 motum
530 2220 660 2263 orbis.
704 2221 764 2262 Et
778 2221 1044 2263 Aristoteles
1058 2223 1153 2264 vult
1169 2223 1287 2275 quod
1307 2236 1466 2276 corpus
1483 2222 1644 2265 celeste

43 2306 84 2337 30
102 2297 331 2331 moveatur
366 2290 606 2331 secundum
646 2292 999 2344 magnitudinem
1032 2305 1171 2342 suam,
1205 2300 1253 2333 ut
1289 2292 1405 2333 orbis
1443 2298 1646 2333 movetur

101 2361 298 2414 superior
325 2359 517 2400 velocius
544 2373 600 2399 ex
632 2367 756 2401 motu
788 2361 974 2402 naturali
1004 2374 1138 2414 quam
1169 2361 1357 2412 inferior,
1379 2375 1484 2415 ergo
1513 2361 1644 2411 orbis,

101 2442 202 2470 curn
232 2429 290 2471 sit
322 2429 461 2482 major
491 2428 630 2478 stella,
664 2429 856 2469 velocius
889 2429 1148 2470 movebitur.
1213 2428 1293 2470 Set
1331 2443 1410 2471 nos
1443 2430 1645 2471 videmus

102 2499 221 2552 quod
247 2498 372 2540 stella
394 2511 479 2551 que
502 2504 567 2538 est
598 2498 640 2537 in
670 2497 814 2539 medio
837 2498 956 2539 orbis
978 2499 1131 2540 eadem
1153 2498 1388 2541 velocitate
1410 2501 1646 2553 pertransit

103 2562 230 2607 suum
274 2566 482 2608 circulum
520 2566 594 2620 qui
633 2573 698 2608 est
737 2568 959 2607 maximus
996 2568 1040 2607 in
1074 2581 1201 2621 spera
1238 2568 1364 2609 stelle
1401 2575 1444 2609 et
1479 2568 1646 2621 equalis

151 2672 188 2692 12
213 2661 251 2692 de
266 2662 338 2693 Celo
351 2667 381 2693 ct
395 2661 528 2694 Mundo
544 2662 576 2694 ii.
592 2672 645 2702 43.
809 2673 847 2694 21
875 2663 1129 2705 Phisieorum]
1146 2675 1176 2696 v.
1195 2674 1246 2696 22.
1410 2675 1452 2706 29
1475 2664 1513 2696 de
1529 2664 1604 2696 Celo
1620 2669 1649 2696 et

102 2713 237 2744 Mundo
253 2713 286 2744 ii.
304 2715 356 2752 46.

147 2799 185 2828 31
214 2790 387 2832 superior]
406 2791 547 2823 inferior
566 2790 639 2823 MS.
777 2791 936 2833 inferior]
956 2792 1114 2833 superior
1128 2792 1203 2824 MS.

810 2854 931 2887 Ee2

1660 1144 1720 1179 117
1739 1149 1758 1170 a
1780 1147 1807 1168 1.
