1945 3079
840 110 924 152 453

108 209 153 256 et
176 214 347 256 stellam
367 231 374 255 :
399 227 533 262 arcus,
557 213 670 263 dico,
694 214 961 266 interceptus
983 212 1093 253 inter
1115 212 1360 264 eclipticam
1383 217 1425 252 ot
1449 217 1646 253 centrum

109 283 305 336 corporis
327 282 432 336 ejus
497 283 569 323 Ex
597 281 679 323 hoc
703 288 850 323 autem
881 287 1004 335 patet
1026 281 1145 334 quod
1170 279 1247 322 Sol
1275 293 1361 320 non
1384 280 1518 321 habet
1548 280 1646 320 lati-

106 352 318 400 tudinem,
352 365 452 392 cum
488 364 663 404 semper
696 351 751 392 sit
786 351 868 391 sub
897 350 1074 403 cingulo
1107 350 1342 403 signorum.
1406 349 1475 389 De
1506 349 1642 389 stellis

105 426 252 462 autem
278 420 379 461 fixis
410 426 534 474 patet
561 433 637 474 per
665 419 748 461 hoc
771 419 889 473 quod
917 426 991 461 aut
1014 431 1163 460 eorum
1187 417 1374 459 latitudo
1397 417 1451 458 sit
1474 430 1646 469 semper

68 506 84 537 5
107 502 194 530 una
215 495 291 530 aut
314 488 434 529 nulla
457 502 556 530 cum
582 495 729 530 motus
748 502 896 529 earum
915 488 1116 542 proprius
1138 488 1194 528 sit
1212 487 1253 527 in
1276 486 1644 539 equidistantibus

104 559 224 599 orbis
245 559 484 612 signorum.
539 558 609 598 De
632 558 808 611 reliquis
830 564 976 599 autem
1002 556 1228 598 ecentricis
1250 570 1326 610 per
1347 569 1398 596 ea
1421 569 1505 608 que
1527 555 1646 595 dicta

104 632 206 668 sunt
246 628 302 668 de
337 634 460 668 motu
499 627 691 680 ipsarum
731 628 772 668 in
806 626 1079 681 longitudine
1110 625 1307 678 sequitur
1339 624 1456 678 quod
1493 637 1643 664 earum

105 692 337 746 longitudo
359 706 446 734 non
467 693 523 734 sit
545 693 649 742 fixa,
671 707 770 734 cum
795 699 1052 735 moveantur
1073 705 1203 745 super
1225 691 1352 745 polos
1375 690 1644 731 declinantes

104 776 130 803 a
152 761 264 816 polis
283 763 448 803 mundi.
512 762 573 802 Et
595 762 665 804 hic
697 768 842 803 motus
865 768 931 803 est
954 774 1084 803 causa
1107 774 1193 802 una
1214 760 1475 801 variacionis
1498 759 1644 799 latitu-

47 840 85 862 10
104 831 218 872 dinis
252 830 543 885 planetarum,
580 838 624 873 et
665 831 745 872 hec
783 831 877 871 sola
913 844 1045 872 causa
1080 829 1293 884 reperitur
1330 829 1372 868 in
1413 828 1553 876 Luna,
1591 841 1644 869 eo

103 901 225 954 quod
253 898 258 957 Ι
287 900 381 954 ejus
415 901 657 943 ecentricus
692 915 791 943 cum
824 900 1007 954 epiciclo
1040 898 1387 953 inseparabiliter
1421 898 1641 939 existente
1667 915 1762 946 133³
1782 916 1811 939 2.

103 971 146 1011 in
186 970 416 1025 superficie
453 971 587 1024 ipsius
629 985 804 1024 semper
845 977 911 1012 est
952 971 1078 1011 unius
1120 968 1305 1010 fixionis.
1389 967 1467 1008 Set
1508 967 1640 1008 trium

102 1040 377 1094 superiorum
411 1040 511 1081 licet
542 1039 733 1082 latitudo
761 1039 1055 1081 deferencium
1088 1039 1143 1080 sit
1175 1037 1277 1087 fixa,
1309 1044 1458 1078 tamen
1491 1050 1641 1078 eorum

103 1109 270 1162 epicicli
293 1108 514 1150 declinant
537 1122 562 1149 a
590 1108 903 1162 superficiebus
933 1121 1109 1149 suorum
1141 1106 1469 1148 ecentricorum.
1535 1105 1644 1146 Ideo

45 1188 82 1220 15
103 1178 214 1219 inest
246 1178 415 1232 duplex
447 1192 578 1219 causa
608 1177 866 1220 variacionis
897 1177 1154 1219 latitudinis.
1216 1175 1398 1216 Veneris
1426 1180 1575 1215 autem
1599 1181 1644 1216 et

104 1246 309 1289 Mercurii
351 1261 493 1300 neque
528 1248 728 1288 ecentrici
766 1261 906 1301 neque
943 1245 1111 1301 epicicli
1145 1251 1246 1286 sunt
1281 1244 1409 1286 unius
1443 1243 1644 1292 fixionis;

104 1322 286 1370 propter
317 1317 435 1370 quod
466 1316 578 1357 inest
611 1317 671 1357 eis
700 1316 867 1370 duplex
892 1315 1121 1357 diversitas
1151 1313 1406 1354 latitudinis.
1484 1312 1639 1352 Trium

102 1392 252 1426 autem
286 1385 558 1439 superiorum
590 1385 780 1427 latitudo
812 1385 1106 1426 deferencium
1136 1383 1227 1423 fixa
1256 1395 1428 1435 semper
1450 1381 1642 1423 declinat

101 1468 232 1507 super
254 1461 453 1495 centrum
472 1454 631 1509 cinguli
649 1455 887 1509 signorum,
903 1453 1175 1506 longitudine
1198 1451 1401 1492 ecentrici
1420 1451 1642 1492 existente

42 1535 82 1558 20
100 1523 446 1577 septentrionali,
464 1524 626 1576 reliqua
639 1537 742 1564 vero
758 1522 1032 1563 meridionali
1053 1535 1239 1575 semper.
1289 1519 1474 1573 Epicicli
1493 1525 1642 1560 autem

100 1605 252 1633 eorum
285 1592 426 1633 solum
456 1591 678 1634 declinant
706 1606 731 1633 a
756 1592 844 1633 suis
872 1591 1095 1633 ecentricis
1125 1604 1202 1643 per
1225 1589 1544 1643 longitudinem
1573 1587 1642 1628 vel

64 1667 68 1670 ’
102 1674 238 1715 penes
253 1660 550 1714 longitudines
573 1661 777 1702 diversas.
824 1661 941 1701 Nam
965 1666 1135 1701 motum
1154 1660 1290 1700 centri
1309 1657 1477 1712 epicicli
1495 1657 1556 1697 sic
1573 1670 1640 1698 se-

100 1731 250 1784 quitur
270 1731 389 1785 quod
413 1737 561 1772 centro
583 1730 751 1785 epicicli
774 1729 1008 1783 cujuslibet
1029 1742 1179 1770 eorum
1204 1728 1422 1769 existente
1446 1728 1489 1767 in
1512 1726 1641 1768 alter-

100 1806 199 1842 utro
217 1801 449 1850 nodorum,
467 1800 680 1841 diameter
697 1805 844 1840 autem
859 1812 1009 1840 eorum
1025 1797 1238 1838 transiens
1253 1811 1329 1851 per
1344 1796 1642 1849 longitudines

41 1881 79 1913 25
102 1869 270 1911 medias
292 1875 356 1909 est
382 1869 426 1909 in
456 1868 685 1923 superficie
713 1868 831 1909 orbis
859 1868 1096 1922 signorum,
1126 1867 1334 1920 incipiens
1363 1865 1418 1906 ab
1440 1865 1523 1906 hoc
1546 1864 1642 1906 loco

100 1939 264 1979 moveri
289 1939 604 1993 equidistanter
634 1937 874 1992 superficiei
902 1937 1060 1992 cinguli
1090 1937 1314 1990 signorum
1340 1934 1641 1989 (opposicione

99 2008 278 2060 quidem
302 2009 426 2062 augis
448 2008 629 2049 cuilibet
658 2020 806 2048 eorum
837 2020 1010 2061 semper
1031 2005 1251 2046 declinant
1275 2019 1300 2046 a
1322 2018 1402 2045 suo
1424 2004 1642 2045 ecentrico

99 2085 259 2131 aparte
273 2077 580 2119 declinacionis
598 2077 664 2118 sui
679 2076 943 2118 deferentisa
958 2075 1133 2129 cingulo
1149 2074 1403 2129 signorum),
1414 2087 1525 2127 auge
1536 2086 1641 2113 vero

101 2147 143 2187 in
162 2153 334 2201 partem
353 2146 617 2201 oppositam,
634 2147 757 2200 cujus
771 2145 1076 2187 declinacionis
1094 2144 1467 2197 complementum
1491 2141 1643 2183 existit

38 2228 81 2260 30
100 2217 218 2270 apud
241 2217 540 2270 longitudines
567 2216 760 2256 diversas
788 2214 1002 2256 ecentrici.
1065 2213 1251 2254 Veneris
1279 2218 1429 2254 autem
1456 2217 1500 2252 et
1524 2212 1641 2252 Mer-

99 2285 207 2326 curii
228 2284 419 2327 latitudo
434 2285 552 2326 varia
570 2284 808 2326 deserentis
824 2283 884 2325 sic
904 2289 1105 2325 movetur
1121 2283 1253 2336 quod,
1271 2282 1429 2323 centris
1444 2282 1638 2335 ipsorum

98 2353 380 2408 epiciclorum
404 2354 731 2396 transeuntibus
752 2367 881 2408 super
902 2353 1053 2403 nodos,
1072 2351 1275 2393 ecentrici
1298 2364 1449 2392 eorum
1473 2356 1575 2391 sunt
1597 2349 1640 2390 in

98 2423 328 2478 superficie
362 2423 525 2478 cinguli
563 2424 800 2477 signorum,
842 2429 967 2477 parte
1004 2421 1183 2475 quidem
1225 2427 1435 2475 sequente
1473 2420 1639 2460 nodum

98 2492 284 2536 Veneris
321 2494 377 2535 ad
414 2493 775 2547 septentrionem,
817 2491 1021 2533 Mercurii
1057 2504 1160 2532 vero
1203 2492 1258 2532 ad
1302 2490 1542 2536 meridiem,
1579 2488 1639 2529 eis

37 2574 79 2606 35
99 2562 279 2604 tandem
293 2563 570 2604 venientibus
592 2563 648 2603 ad
672 2575 831 2615 augem
854 2567 931 2602 aut
954 2560 1287 2614 opposicionem
1310 2560 1434 2614 augis
1456 2558 1641 2600 ecentri-

98 2645 261 2673 corum.
317 2631 535 2674 Ecentrici
559 2638 661 2672 sunt
685 2631 727 2671 in
750 2630 905 2671 ultima
927 2629 1226 2671 declinacione
1247 2643 1272 2669 a
1294 2628 1470 2681 cingulo
1492 2628 1641 2681 signo-

98 2714 207 2742 rum.
233 2701 419 2756 Epicicli
438 2700 442 2756 1
459 2707 606 2741 autem
626 2713 713 2742 non
731 2699 872 2742 solum
888 2714 912 2741 a
928 2700 1015 2740 suis
1033 2698 1254 2740 declinant
1270 2698 1493 2739 ecentricis
1507 2710 1640 2750 penes
1663 2710 1723 2743 133
1741 2702 1762 2734 b
1783 2711 1812 2735 1.

141 2785 162 2814 6
187 2784 387 2826 ecentricis]
407 2783 560 2815 erraticis
576 2782 605 2814 S
