1945 3079
97 1066 158 1098 113
174 1057 196 1089 b
216 1065 244 1089 1.

993 35 1076 78 392

257 141 415 191 reduci,
438 146 482 181 et
514 139 614 180 ideo
647 152 831 192 corpora
863 138 954 180 duo
986 138 1127 194 prima
1158 152 1266 189 esse,
1299 153 1487 194 quorum
1521 147 1726 182 neutrum
1755 141 1812 183 ad

257 210 376 251 aliud
401 209 649 258 reducatur,
671 214 720 249 ut
743 222 821 262 per
846 215 1019 250 motum
1042 209 1136 263 ejus
1163 215 1408 260 moveatur,
1431 223 1532 252 cum
1555 217 1706 252 tamen
1729 209 1813 251 hoc

258 279 408 320 multis
438 278 582 318 modis
611 278 813 320 videatur
842 292 974 332 posse
1001 278 1265 333 impugnari,
1289 292 1378 320 uno
1412 280 1547 321 modo
1577 280 1682 333 quia
1710 278 1815 320 Ari-

257 348 439 390 stoteles
468 348 575 389 dicit
601 347 775 389 decimo
811 347 1130 402 Methaplzz'sz'ce
1168 347 1287 401 quod
1318 348 1361 388 in
1394 348 1515 389 omni
1548 362 1711 402 genere
1748 355 1817 392 est

258 431 397 459 unum
421 418 613 472 primum
637 418 693 458 ad
714 417 835 471 quod
860 418 1011 458 omnia
1034 417 1317 468 reducuntur,
1339 431 1446 471 ergo
1468 418 1511 458 in
1534 432 1696 476 genere
1722 433 1815 460 cor·
1837 428 1855 461 5

260 501 417 543 porum
434 487 663 528 celestium
682 487 764 528 erit
783 501 921 528 unum
937 487 1130 542 primum
1153 486 1210 527 ad
1225 487 1345 541 quod
1366 493 1514 529 cetera
1531 489 1816 530 reducuntur.

262 557 323 598 Et
355 557 588 599 dicendum
624 561 690 597 est
721 557 842 611 quod
875 556 969 598 sine
1010 555 1257 610 prejudicio
1290 556 1486 598 melioris
1516 558 1740 599 sentencie
1774 558 1818 599 in

260 639 445 667 numero
482 625 672 667 celorum
705 632 772 667 est
809 625 990 679 aliquod
1033 626 1224 680 primum
1263 632 1308 667 et
1346 626 1388 666 in
1424 626 1601 668 racione
1639 615 1818 679 mobile,

262 695 463 737 similiter
485 702 532 737 ut
556 695 720 738 mobile
738 702 861 737 motu
884 702 1019 748 recto,
1042 696 1163 748 quod
1187 701 1255 737 est
1282 696 1502 737 decimum
1532 696 1689 746 celum,
1715 697 1821 751 quia

262 772 429 806 rectum
459 771 526 807 est
555 765 674 819 prius
697 765 893 820 obliquo,
922 771 966 806 et
998 765 1059 806 sic
1082 770 1149 806 est
1171 765 1385 807 reduccio.
1450 765 1529 808 Set
1552 779 1640 807 non
1664 773 1731 808 est
1753 780 1820 807 re·
1842 781 1883 804 10

263 835 417 876 duccio
450 842 498 876 ut
531 834 761 889 obliquum
793 840 1022 876 moveatur
1045 841 1167 876 motu
1190 840 1323 886 recto,
1347 841 1390 876 et
1412 849 1545 877 causa
1567 835 1821 889 hujusmodi

265 918 350 945 non
371 911 438 946 est
457 904 599 946 solum
617 904 760 958 prima
772 904 1006 946 diversitas
1022 917 1108 958 que
1123 909 1189 945 est
1207 905 1320 945 inter
1334 910 1502 946 rectum
1518 911 1562 946 et
1579 905 1822 959 obliquum,

265 980 331 1014 set
367 974 471 1027 quia
508 973 651 1014 celum
692 987 885 1027 aqueum
924 986 1012 1014 non
1051 979 1118 1014 est
1148 974 1205 1015 de
1242 980 1399 1014 natura
1428 973 1509 1014 celi
1538 974 1710 1026 decimi,
1741 988 1822 1016 nec

265 1043 526 1098 generaliter
560 1056 641 1083 nec
684 1043 885 1096 proprie;
935 1049 980 1084 et
1012 1042 1112 1083 ideo
1146 1056 1232 1083 non
1262 1040 1449 1098 l-recipit
1487 1050 1660 1085 motum
1694 1057 1822 1085 suum

267 1112 473 1167 precipue
501 1112 626 1166 quasi
653 1111 854 1154 obtineat
880 1111 1024 1153 locum
1054 1111 1246 1165 primum
1280 1112 1323 1152 in
1349 1112 1550 1166 obliquis,
1574 1114 1704 1155 unde·
1721 1113 1826 1167 quia
1844 1133 1884 1166 15

267 1183 350 1224 iste
367 1183 454 1224 due
475 1195 606 1224 cause
627 1188 892 1223 concurrunt
913 1182 955 1223 in
971 1180 1065 1223 celo
1084 1194 1216 1231 nono,
1235 1181 1409 1232 scilicet,
1431 1183 1552 1236 quod
1575 1183 1618 1223 in
1640 1183 1737 1237 ipso
1758 1189 1824 1225 est

268 1253 413 1307 prima
435 1252 690 1306 obliquitas,
717 1259 761 1294 et
787 1253 907 1306 quod
937 1258 1004 1292 est
1034 1252 1089 1292 de
1119 1258 1277 1294 natura
1304 1251 1449 1294 aliena
1475 1268 1501 1294 a
1523 1252 1618 1295 celo
1642 1253 1826 1303 decimo,

270 1323 314 1363 in
337 1335 424 1376 qua
439 1327 594 1363 natura
611 1328 713 1363 octo
730 1321 811 1364 celi
827 1321 1097 1364 concordant
1112 1335 1212 1363 cum
1231 1322 1424 1372 decimo,
1448 1323 1549 1364 ideo
1566 1336 1654 1364 non
1673 1323 1826 1377 recipit

272 1398 445 1434 motum
469 1392 601 1434 alium
624 1407 650 1434 a
678 1406 771 1445 suo,
794 1392 870 1433 sed
900 1397 965 1432 est
994 1390 1188 1444 primum
1219 1391 1384 1433 mobile
1412 1391 1455 1433 in
1477 1398 1594 1435 statu
1617 1407 1713 1445 suo,
1736 1407 1825 1436 non

273 1468 423 1503 tamen
445 1462 636 1517 primum
660 1463 932 1516 simpliciter.
1849 1481 1891 1504 20

334 1531 382 1573 Si
406 1533 576 1574 dicatur
604 1532 724 1586 quod
757 1546 857 1574 cum
889 1534 1081 1587 primurn
1114 1533 1257 1574 celum
1285 1547 1374 1575 non
1405 1533 1570 1575 habeat
1598 1546 1828 1587 compara-

273 1602 444 1643 cionem
476 1602 533 1643 ad
567 1608 788 1652 octavum,
810 1602 890 1644 nisi
924 1603 1147 1644 mediante
1181 1616 1312 1656 nono,
1340 1616 1446 1657 ergo
1478 1616 1565 1644 non
1595 1603 1829 1658 recipietur

274 1678 422 1712 motus
457 1671 550 1726 ejus
593 1671 675 1712 nisi
717 1672 861 1725 primo
899 1672 942 1713 in
980 1686 1112 1724 nono,
1143 1673 1264 1726 quod
1302 1678 1367 1714 est
1405 1672 1707 1714 immediacius
1748 1686 1827 1714 eo:

273 1740 507 1782 dicendum
547 1747 612 1783 est
648 1742 890 1783 secundum
932 1742 1132 1796 predicta
1173 1742 1292 1795 quod
1327 1741 1369 1782 in
1404 1742 1559 1783 ordine
1595 1755 1830 1797 corporum

275 1811 479 1852 absolute
510 1810 654 1852 celum
680 1824 846 1852 nonum
877 1818 944 1853 est
976 1811 1187 1861 medium,
1209 1818 1277 1853 set
1310 1824 1398 1852 non
1429 1811 1471 1852 in
1501 1811 1654 1853 ordine
1677 1824 1828 1852 eorum
1851 1826 1890 1860 25

275 1893 362 1934 que
393 1880 543 1922 omnia
576 1881 821 1922 necessario
860 1886 1124 1922 moveantur
1156 1881 1213 1922 ab
1250 1880 1420 1922 ultimo.
1486 1880 1688 1922 Medium
1725 1893 1831 1935 ergo

276 1957 337 1992 est
378 1951 466 1991 suis
501 1951 658 2000 modis,
696 1957 764 1992 set
798 1963 887 1992 non
922 1951 965 1991 in
1003 1950 1086 1992 hoc
1123 1951 1243 2005 quod
1286 1949 1469 2004 recipiat
1501 1963 1628 1990 suum
1658 1956 1829 1992 motum

278 2020 335 2061 ab
367 2020 524 2061 ultimo
556 2020 668 2061 sicut
701 2020 843 2061 ceteri.

337 2090 383 2132 Si
412 2098 459 2132 tu
487 2091 609 2133 dicas
640 2092 760 2145 quod
800 2091 937 2133 virtus
969 2092 1049 2134 celi
1077 2105 1165 2133 non
1198 2091 1402 2133 transibit
1427 2091 1483 2132 ad
1517 2097 1725 2133 octavum
1752 2090 1833 2131 nisi

278 2175 355 2216 per
388 2174 566 2212 nonum,
600 2174 705 2215 ergo
744 2161 978 2215 recipietur
1018 2161 1098 2202 hec
1133 2160 1365 2202 influencia
1399 2161 1443 2209 in
1482 2174 1612 2210 nono,
1649 2167 1694 2202 et
1730 2159 1832 2202 ideo
1853 2174 1896 2206 30

280 2237 429 2272 motus
452 2230 523 2271 ille
545 2237 689 2272 rectus
720 2231 863 2285 primo
901 2230 975 2272 fiet
1002 2231 1129 2271 in'eo
1153 2245 1162 2282 3
1194 2231 1279 2272 dici
1307 2237 1454 2285 potest
1481 2230 1602 2284 quod
1630 2229 1713 2270 hoc
1745 2242 1833 2270 non

280 2301 489 2354 sequitur,
530 2300 642 2341 sicut
685 2313 765 2341 nos
807 2300 1008 2342 videmus
1051 2301 1170 2354 quod
1214 2300 1376 2341 ferrum
1423 2300 1621 2354 sequitur
1663 2304 1834 2340 motum

283 2370 518 2423 magnetis,
540 2375 606 2411 set
628 2383 701 2411 aer
730 2376 773 2410 et
804 2369 890 2411 alia
917 2383 1102 2424 corpora
1130 2382 1218 2410 non
1248 2369 1326 2421 sic,
1348 2369 1452 2422 quia
1480 2381 1567 2410 non
1595 2374 1699 2409 sunt
1729 2374 1836 2410 nata

283 2441 477 2493 recipere
508 2439 621 2479 hanc
642 2440 849 2480 virtutem
873 2439 915 2480 in
938 2445 1154 2492 quantum
1178 2445 1243 2480 est
1266 2438 1527 2492 principium
1551 2443 1710 2489 motus,
1733 2437 1834 2479 licet

285 2508 497 2562 recipiant
530 2522 627 2549 eam
661 2509 862 2550 absolute
894 2509 936 2549 in
970 2515 1186 2561 quantum
1219 2515 1285 2550 est
1317 2508 1459 2549 forma
1490 2507 1709 2548 absoluta.
1774 2506 1834 2548 Et
1855 2518 1896 2553 35

284 2578 367 2618 hoc
391 2584 457 2619 est
480 2584 660 2633 propter
682 2578 1040 2620 convenienciam
1065 2576 1278 2631 majorem
1302 2576 1401 2618 ferri
1424 2589 1525 2617 cum
1550 2582 1770 2631 magnete,
1791 2582 1835 2618 et

285 2649 346 2690 sic
367 2656 434 2691 est
456 2649 535 2691 hic.
601 2650 823 2704 Quoniam
858 2650 973 2691 enim
1000 2655 1205 2691 octavum
1234 2648 1376 2690 celum
1409 2653 1454 2688 et
1486 2647 1705 2688 decimum
1734 2652 1835 2688 sunt

325 2743 343 2769 4
370 2731 663 2773 Methaphisiee]
682 2742 716 2763 x.
736 2742 753 2771 7
770 2742 777 2770 ;
802 2729 1028 2762 Metlwmatice
1047 2729 1120 2761 MS.
1244 2740 1284 2769 27
1309 2727 1470 2770 motum]
1490 2732 1642 2760 motuum
1663 2727 1732 2760 MS.
