1945 3079
106 812 252 845 117a2.

1005 71 1091 109 404

273 174 532 215 rotunditati
564 173 695 224 orbis,
726 187 832 228 ergo
862 188 973 228 eque
995 173 1204 216 velociter
1233 181 1444 226 movetur,
1467 188 1602 229 quare
1629 186 1715 215 non
1747 186 1823 228 per

275 249 447 283 motum
466 243 707 296 proprium,
726 248 793 284 set
815 257 894 297 per
913 249 1084 285 motum
1103 242 1234 284 orbis.
1300 244 1413 285 Item
1431 244 1465 284 si
1488 257 1644 297 corpus
1663 242 1823 284 celeste

273 317 475 353 movetur
494 311 753 353 naturaliter
774 311 1016 353 secundum
1040 312 1394 365 magnitudinem
1411 313 1475 354 sui
1491 313 1698 366 corporis,
1717 325 1823 365 ergo

270 381 464 434 quelibet
483 381 712 422 stellarum
731 381 925 422 fixarum
948 381 1007 423 sic
1025 382 1286 432 movebitur,
1306 396 1441 435 quare
1464 382 1651 435 majores
1674 395 1822 423 move-

270 451 435 492 buntur
451 451 647 492 velocius
665 457 709 492 et
733 450 922 491 minores
945 449 1127 501 tardiuS,
1146 451 1180 491 si
1202 464 1260 492 ex
1286 465 1331 492 se
1352 459 1396 492 et
1418 465 1496 504 per
1513 464 1559 491 se
1578 457 1820 507 moventur.
1842 464 1860 497 5

272 519 349 562 Set
372 534 485 562 nunc
508 526 741 562 moventur
762 520 806 561 in
830 520 986 561 eodem
1009 526 1211 574 tempore
1238 534 1403 571 omnes,
1431 534 1536 574 ergo
1565 533 1653 560 non
1675 525 1823 574 potest

271 604 366 632 esse
389 604 465 644 per
490 598 637 632 motus
659 590 873 645 proprios,
898 603 1034 643 quare
1056 603 1136 643 per
1168 596 1341 632 motum
1375 590 1505 632 orbis.
1570 590 1630 631 Et
1661 590 1821 631 eodem

273 660 408 701 modo
430 661 485 701 de
507 660 602 701 aliis
624 660 817 710 orbibus,
842 666 890 701 ut
920 660 955 700 si
978 673 1197 714 ponamus
1220 659 1365 714 plures
1387 659 1534 700 stellas
1557 659 1599 700 in
1622 647 1823 712 quolibet

270 728 445 771 illorum
479 729 715 783 inequales,
742 736 786 771 et
817 730 1044 783 signemus
1071 730 1326 784 porcionem
1358 729 1476 787 orbis
1508 728 1721 769 minorem
1752 727 1822 770 vel

272 799 485 853 majorem
523 798 676 841 stella:
727 799 771 840 id
810 799 983 841 accidit.
1062 799 1177 841 Item
1215 799 1446 853 supposito
1481 796 1485 854 Ι
1520 798 1664 840 adhuc
1701 798 1820 852 quod
1844 816 1885 839 10

269 882 427 923 corpus
465 868 626 910 celeste
658 875 862 910 movetur
892 869 1133 910 secundum
1167 868 1485 922 magnitudinis
1515 882 1591 910 sue
1624 868 1821 919 modum,

268 943 373 979 tunc
405 951 504 979 cum
528 937 699 990 Jubiter
729 938 784 979 sit
817 938 959 992 major
989 944 1082 979 tam
1113 938 1242 979 Luna
1273 952 1407 991 quam
1440 937 1646 986 Saturno,
1671 950 1820 979 move-

269 1008 389 1049 bitur
402 1007 533 1048 cicius
549 1013 736 1060 utroque
753 1022 761 1058 ;
784 1021 973 1061 quorum
989 1007 1177 1048 alterum
1194 1012 1260 1048 est
1273 1006 1432 1047 falsum
1448 1007 1706 1055 necessario,
1719 1007 1822 1060 quia

269 1082 484 1130 quantum
508 1077 564 1117 ad
598 1082 770 1117 motum
792 1083 1081 1131 apparentem
1109 1076 1277 1118 tardius
1290 1082 1502 1117 movetur
1523 1089 1655 1130 quam
1678 1069 1833 1128 Luna,

272 1152 319 1187 ut
357 1145 659 1187 mathematici
693 1145 856 1197 dicunt,
889 1151 1105 1199 quantum
1137 1159 1242 1186 vero
1274 1145 1330 1186 ad
1368 1151 1540 1186 motum
1573 1145 1819 1190 naturalem
1840 1161 1878 1194 15

269 1216 510 1257 secundum
534 1215 848 1270 Alpetragium
871 1221 914 1257 et
936 1214 1229 1256 Aristotelem
1253 1220 1297 1256 et
1319 1215 1549 1269 Averroys
1572 1214 1821 1256 movebitur

269 1285 439 1327 tardius
480 1284 630 1338 <quam
675 1285 918 1340 Saturnus).
984 1285 1044 1326 Et
1085 1284 1169 1326 hee
1211 1285 1408 1326 raciones
1449 1291 1537 1326 tres
1579 1285 1820 1326 fundantur

269 1368 401 1408 supra
443 1354 564 1395 illam
601 1354 964 1409 proposicionem,
997 1354 1115 1407 quod
1158 1368 1315 1409 corpus
1356 1353 1517 1396 celeste
1559 1360 1711 1395 natum
1754 1359 1822 1395 est

271 1424 435 1465 moveri
458 1424 699 1465 secundum
730 1424 911 1465 modum
940 1437 1017 1464 sue
1041 1424 1367 1477 magnitudinis.
1427 1422 1695 1465 Aristoteles
1717 1437 1821 1464 vero

269 1493 376 1534 dicit
393 1507 503 1544 eam,
524 1498 568 1534 et
590 1494 846 1534 conceditur
866 1493 922 1534 de
941 1499 1064 1534 motu
1087 1493 1323 1543 communi,
1342 1499 1386 1534 et
1409 1493 1465 1534 de
1486 1493 1666 1547 proprio
1688 1492 1822 1546 longe
1842 1511 1883 1534 20

271 1563 421 1616 magis.
501 1562 634 1616 Quod
672 1563 788 1603 enim
831 1562 1017 1604 debetur
1057 1563 1228 1616 corpori
1269 1561 1418 1604 celesti
1458 1563 1701 1604 secundum
1743 1576 1821 1604 sue

271 1631 590 1684 magnitudinis
614 1631 810 1682 modum,
828 1631 1016 1672 debetur
1038 1632 1076 1673 ei
1100 1631 1358 1673 naturaliter
1380 1638 1425 1674 et
1447 1632 1686 1673 secundum
1711 1630 1819 1673 illud

269 1701 390 1753 quod
421 1706 485 1741 est
512 1701 551 1741 ei
584 1701 822 1755 proprium,
848 1707 891 1742 et
915 1702 1014 1743 ideo
1038 1701 1179 1756 magis
1201 1702 1409 1743 convenit
1430 1700 1512 1742 hoc
1542 1701 1683 1742 motui
1715 1715 1817 1755 pro-

270 1770 365 1822 prio
397 1769 489 1823 ejus
521 1783 654 1823 quam
681 1771 915 1821 communi,
946 1784 1023 1812 nec
1053 1777 1202 1825 posset
1233 1770 1431 1824 inpediri,
1459 1770 1539 1811 nisi
1571 1769 1819 1812 cavillando

269 1839 403 1892 quod,
439 1839 550 1880 sicut
594 1846 718 1881 motu
757 1840 874 1881 orbis
910 1840 1041 1894 primi
1079 1840 1198 1881 orbis
1241 1839 1417 1881 inferior
1460 1839 1603 1894 major
1637 1848 1817 1894 propter
1841 1857 1879 1889 25

269 1908 748 1962 appropinquacionem
797 1909 928 1950 cicius
978 1916 1191 1960 movetur,
1233 1909 1296 1951 sic
1344 1910 1639 1952 retardaretur
1688 1917 1815 1952 motu

270 1978 448 2031 proprio
486 1992 564 2032 per
596 1984 768 2019 motum
802 1992 1085 2020 communem
1123 1985 1167 2020 et
1199 1979 1478 2020 influenciam
1516 1979 1635 2020 orbis
1671 1979 1814 2033 primi.

272 2045 350 2088 Set
393 2052 498 2088 tunc
535 2046 695 2088 frustra
737 2054 850 2090 esset
892 2048 1101 2090 naturalis
1142 2054 1343 2102 potestas
1386 2049 1503 2090 orbis
1542 2048 1720 2102 majoris
1757 2049 1815 2091 ad

271 2115 484 2169 majorem
525 2116 817 2158 velocitatem.
897 2116 977 2158 Set
1025 2117 1162 2158 nichil
1211 2124 1278 2159 est
1334 2117 1495 2158 frustra
1544 2117 1587 2158 in
1634 2124 1812 2160 natura-

269 2184 384 2226 libus
418 2191 461 2226 et
497 2185 693 2227 maxime
727 2186 770 2228 in
807 2186 1052 2228 celestibus.
1117 2187 1231 2228 Item
1270 2193 1373 2228 tunc
1410 2193 1564 2235 contra
1609 2193 1812 2228 naturam
1838 2203 1880 2236 30

270 2268 393 2295 suam
431 2255 709 2309 inpediretur,
747 2269 853 2309 ergo
900 2261 1014 2297 esset
1050 2249 1284 2308 violencia,
1322 2256 1425 2310 quia
1465 2255 1708 2298 violentum
1750 2263 1818 2299 est

271 2323 394 2376 cujus
419 2324 681 2379 principium
712 2331 777 2366 est
803 2331 932 2366 extra
959 2339 1046 2366 non
1075 2325 1327 2368 conferente
1349 2325 1439 2366 vim
1471 2339 1632 2379 passo,
1675 2332 1742 2367 set
1773 2327 1816 2367 in

270 2392 500 2434 celestibus
532 2406 618 2435 non
653 2400 718 2435 est
749 2394 976 2435 violencia.
1041 2394 1259 2449 Quamvis
1290 2401 1439 2436 autem
1474 2395 1698 2448 Averroys
1730 2395 1814 2437 hoc

270 2461 434 2511 innuat,
459 2468 608 2503 tamen
638 2463 680 2503 in
711 2470 836 2516 parte
866 2463 947 2504 hac
974 2463 1263 2518 exponendus
1289 2469 1366 2504 est.
1431 2463 1548 2504 Nam
1571 2465 1814 2506 secundum

270 2544 371 2572 eum
394 2531 512 2572 orbis
537 2531 742 2572 Mercurii
765 2538 808 2573 et
829 2532 1015 2574 Veneris
1036 2539 1137 2574 sunt
1166 2546 1297 2587 super
1320 2531 1483 2582 Solem,
1506 2539 1550 2574 et
1572 2533 1816 2576 Mercurius
1835 2548 1876 2582 35

269 2599 462 2641 velocius
485 2606 689 2642 movetur
711 2608 835 2643 motu
859 2602 1038 2656 proprio
1060 2615 1192 2655 quam
1217 2600 1309 2650 Sol,
1327 2615 1463 2655 quare
1485 2602 1815 2645 concedendum

270 2675 335 2709 est
377 2669 543 2722 precise
585 2670 703 2722 quod
748 2683 906 2724 corpus
947 2669 1106 2711 celeste
1148 2676 1270 2711 motu
1314 2669 1572 2712 naturaliter
1615 2677 1816 2713 movetur

315 2769 334 2797 4
358 2758 525 2800 quelibet]
543 2759 693 2799 quolibet
712 2759 785 2792 MS.
923 2762 966 2792 26
985 2765 1060 2801 post
1077 2765 1233 2792 movetur
1251 2759 1292 2790 M
1305 2760 1383 2792 add.
1404 2765 1496 2792 motu
1512 2761 1606 2793 orbis
1623 2761 1723 2802 primi
