1945 3079
125 1542 222 1575 129a
243 1541 269 1564 1.

1012 29 1099 68 440

341 135 455 174 Item
491 133 686 186 sequitur
729 146 785 173 ex
828 133 946 174 dicta
987 133 1325 187 ymaginacione
1367 133 1485 187 quod
1530 132 1685 173 eadem
1728 144 1830 185 pars

281 201 477 255 corporis
510 202 688 256 planete
720 215 805 243 non
842 215 1018 257 semper
1049 202 1253 256 respiciat
1291 209 1467 253 terram,
1505 202 1595 242 sive
1626 206 1831 254 aspectus

282 278 484 320 nostros;
530 270 652 324 cujus
686 271 955 312 contrarium
992 272 1189 314 ostendit
1225 271 1492 313 Aristoteles
1528 284 1607 325 per
1643 270 1832 320 Lunam,

281 341 406 395 cujus
429 340 602 382 macula
624 341 752 382 nobis
774 341 855 381 sub
879 342 1035 382 eadem
1060 341 1199 395 figura
1227 356 1403 395 semper
1425 346 1621 396 apparet.

341 409 475 464 Quod
511 416 660 451 autem
690 409 773 451 hoc
808 411 1118 452 inconveniens
1155 425 1212 452 ex
1244 424 1322 452 sua
1355 410 1581 464 posicione
1612 413 1833 462 sequatur,

282 486 416 533 patet,
431 493 545 530 cum,
559 480 801 521 secundum
823 480 956 533 ipsos,
971 494 1128 534 corpus
1144 481 1187 521 in
1205 494 1294 534 quo
1314 471 1595 535 ymaginatur,
1612 477 1833 532 epiciclus,

284 549 505 590 movendo
529 549 644 590 circa
661 556 859 590 centrum
874 551 1115 604 proprium,
1129 549 1298 592 deferat
1317 550 1582 592 circulariter
1597 548 1834 602 planetam,

282 625 325 660 et
349 619 411 660 ita
433 619 589 660 eadem
617 632 719 673 pars
741 619 919 672 planete
942 619 986 660 in
1010 626 1104 661 tota
1127 620 1415 661 circulacione
1443 624 1641 660 centrum
1663 613 1832 671 epicicli

283 688 498 742 respiciat.
576 688 724 742 Quare
758 702 858 729 cum
896 695 1099 744 aspectus
1135 696 1285 731 noster
1322 688 1432 730 infra
1474 687 1706 743 epiciclum
1746 699 1834 728 non

284 757 414 798 fuerit
430 756 634 808 inclusus,
651 771 828 799 necesse
844 765 910 800 est
928 759 1050 812 quod
1069 759 1241 800 diversa
1256 773 1356 812 pars
1375 758 1468 812 ejus
1486 757 1612 798 nobis
1630 757 1835 799 continue

284 833 511 880 appareat,
535 833 579 868 et
602 828 720 880 quod
744 828 787 868 in
816 842 930 882 auge
953 828 1123 883 epicicli
1150 835 1193 869 et
1224 828 1506 883 opposicione
1535 826 1661 880 augis
1684 832 1833 881 partes

286 896 463 950 planete
473 897 700 950 oppositas
718 897 932 939 videmus.
971 898 1072 939 Hoc
1091 905 1239 939 autem
1256 898 1567 938 inconveniens
1580 909 1667 937 non
1684 901 1833 951 potest

284 965 517 1016 vitari‚nisi
533 978 752 1019 ponamus
768 966 993 1020 planetam
1008 967 1169 1008 habere
1184 968 1410 1021 proprium
1427 973 1599 1008 motum
1614 965 1836 1006 circacen-

285 1041 401 1076 trum
418 1048 560 1086 suum,
575 1035 694 1088 quod
713 1036 888 1076 videtur
904 1035 1359 1077 contraAristotelem
1375 1036 1488 1077 libro
1501 1034 1645 1077 Celiet
1655 1033 1837 1075 Mundi.

345 1105 460 1146 Item
492 1104 535 1144 in
568 1104 774 1158 epiciclis,
795 1107 1037 1147 secundum
1068 1106 1396 1153 Ptholomeum‚
1419 1105 1724 1160 distinguntur·
1746 1117 1837 1154 aux

285 1187 387 1216 vera
411 1180 454 1215 et
477 1188 567 1215 aux
592 1174 739 1215 media
760 1191 769 1225 3
802 1182 845 1216 et
868 1182 935 1217 est
956 1190 1047 1217 aux
1072 1175 1216 1216 media
1239 1189 1413 1228 semper
1438 1175 1555 1215 idem
1580 1180 1769 1228 punctus
1792 1173 1837 1214 in

287 1244 479 1298 epiciclo‚
514 1258 539 1285 a
576 1244 870 1286 determinato
904 1251 1068 1300 puncto
1108 1246 1151 1285 in
1185 1245 1420 1299 dyametro
1456 1244 1608 1285 mundi
1642 1243 1838 1284 maxime

286 1313 519 1367 elongatus
537 1328 545 1365 ;
580 1320 645 1354 set
667 1313 750 1355 hoc
769 1327 857 1355 non
875 1315 1147 1369 contingeret
1169 1315 1204 1355 si
1228 1314 1436 1369 epiciclus
1458 1314 1640 1355 haberet
1665 1318 1837 1354 motum

287 1383 543 1424 circularem
567 1382 835 1436 completum
859 1384 972 1425 circa
995 1390 1192 1424 centrum
1217 1384 1455 1438 proprium.

342 1452 457 1494 Item
491 1452 800 1493 inconveniens
832 1452 1006 1494 videtur
1038 1453 1236 1494 accidere
1267 1453 1383 1494 dicte
1416 1452 1627 1507 posicioni
1656 1456 1839 1505 propter

289 1521 620 1563 difformitatem
655 1522 847 1563 similem
882 1536 1015 1576 quam
1054 1523 1179 1578 ponit
1221 1523 1264 1563 in
1306 1523 1486 1563 orbibus
1530 1521 1534 1577 Ι
1575 1520 1840 1576 parcialibus

291 1592 531 1641 extremis3
567 1592 771 1645 quamvis
794 1593 909 1633 enim
940 1592 1192 1647 superficies
1223 1593 1340 1648 ipsos
1367 1592 1655 1633 terminantes
1680 1590 1840 1632 fuerint

291 1661 517 1703 uniformis
544 1661 693 1715 figure,
716 1668 867 1702 tamen
889 1662 1105 1703 difformis
1130 1670 1196 1704 est
1227 1662 1365 1716 figura
1388 1660 1641 1715 corporalis,
1664 1674 1765 1701 cum
1797 1659 1840 1700 in

291 1731 376 1772 alia
408 1737 534 1785 parte
566 1730 694 1772 fuerit
726 1732 865 1785 magis
891 1733 1032 1786 spissa
1055 1737 1099 1772 et
1129 1733 1171 1772 in
1195 1731 1282 1773 alia
1305 1732 1460 1772 minus.
1537 1731 1666 1772 Hanc
1689 1736 1840 1771 autem

290 1801 623 1842 difformitatem
646 1808 807 1854 negant
826 1800 1048 1842 naturales
1072 1802 1114 1841 in
1128 1801 1388 1855 corporibus
1406 1800 1640 1842 celestibus
1658 1805 1840 1853 propter

289 1884 440 1912 eorum
464 1870 794 1923 simplicitatem
819 1877 861 1911 et
885 1871 1216 1926 unigenitatem.

350 1940 465 1982 Item
489 1940 795 1982 inconveniens
820 1947 898 1991 est,
920 1947 968 1982 ut
990 1941 1175 1991 videtur,
1203 1953 1367 1995 ponere
1389 1953 1547 1994 corpus
1569 1938 1728 1980 celeste
1749 1938 1841 1979 sine

291 2016 414 2050 motu
441 2010 619 2064 proprio
644 2010 942 2063 appropriato.
1006 2010 1085 2052 Set
1112 2010 1195 2052 hoc
1228 2010 1352 2063 ponit
1382 2009 1549 2064 posicio
1581 2008 1713 2058 dicta,
1738 2020 1839 2049 cum

289 2079 501 2133 parciales
533 2080 661 2120 orbes
693 2079 882 2120 extremi
915 2086 992 2121 aut
1026 2079 1275 2120 necessario
1318 2079 1547 2132 quiescant
1589 2083 1666 2118 aut
1712 2082 1836 2119 motu

1858 765 1898 788 10

1859 1112 1897 1146 15

1862 1465 1902 1487 20

1863 1810 1902 1844 ²5

291 2149 526 2199 communi,
541 2162 618 2203 per
646 2156 818 2190 motum
841 2149 982 2190 tocius
1000 2149 1119 2191 orbis
1142 2149 1299 2199 solum,
1319 2153 1605 2198 moveantur;
1632 2147 1840 2201 quoniam
1862 2158 1904 2190 30

291 2219 418 2260 aliter
441 2232 498 2260 ex
521 2233 673 2260 eorum
698 2225 823 2260 motu
847 2219 1017 2260 accidet
1039 2218 1219 2272 aliquod
1242 2218 1461 2259 dictorum
1485 2216 1839 2271 impossibilium.

353 2289 427 2329 Ex
458 2289 666 2342 predictis
697 2289 831 2342 igitur
862 2294 1046 2342 apparet
1075 2287 1426 2343 (in>possibilitas
1453 2286 1767 2328 ecentricorum
1798 2291 1842 2326 et

293 2359 586 2412 epiciclorum,
619 2365 661 2399 et
693 2359 934 2399 eorundem
967 2358 1245 2412 quorundam
1282 2363 1496 2407 motuum,
1530 2369 1640 2410 quos
1671 2361 1842 2410 ponunt

295 2428 584 2469 Ptholomeus
605 2435 648 2469 et
671 2428 765 2481 ejus
787 2441 1009 2482 sequaces.

352 2498 422 2539 De
470 2498 565 2538 aliis
608 2511 759 2538 eorum
802 2497 942 2538 eciam
985 2496 1252 2550 quibusdam
1303 2495 1511 2547 motibus,
1557 2508 1670 2548 quos
1715 2493 1840 2549 ponit
1863 2505 1904 2537 35

293 2567 693 2619 Ptholomeus,sibi
722 2565 1042 2608 racionabiliter
1064 2566 1391 2613 contradicitur,
1414 2565 1621 2607 videlicet
1636 2564 1692 2605 de
1715 2569 1838 2605 motu

341 2671 378 2698 14
403 2663 483 2692 Geli
500 2665 537 2691 et
554 2660 709 2701 Mundi]
728 2661 748 2690 i.
770 2671 819 2691 10.

338 2748 356 2768 2
383 2738 473 2779 sive]
491 2739 564 2769 sine
581 2739 622 2768 M
