1945 3079
137 1621 282 1653 133a1.

1035 43 1120 86 452

304 139 441 180 semel
475 139 519 179 in
554 153 682 190 anno,
713 146 757 181 et
778 153 907 181 suum
939 140 1211 182 deferentem
1245 141 1323 193 bis,
1355 142 1466 183 sicut
1494 141 1620 183 Luna
1651 155 1779 183 suum
1813 142 1856 183 in

305 222 470 250 mense.
516 207 654 263 Cujus
667 215 865 250 centrum
880 223 905 251 a
919 214 1067 252 centro
1082 211 1285 264 equantis
1300 216 1473 253 tantum
1490 211 1625 253 distat
1640 217 1855 266 quantum

303 290 503 326 centrum
520 284 722 338 equantis
737 298 762 326 a
775 290 925 326 centro
940 291 1055 326 terre
1071 285 1113 326 in
1128 284 1240 327 linea
1253 299 1405 328 eorum
1421 291 1685 328 centrorum.
1721 285 1856 328 Unde

302 354 432 408 hujus
451 353 601 396 circuli
625 353 747 408 parvi
769 354 1123 396 circumferencia
1141 355 1295 396 transit
1318 369 1395 410 per
1416 362 1615 397 centrum
1637 355 1853 408 equantis.

361 423 523 477 Quoad
545 431 693 465 motus
714 437 832 477 vero,
853 424 1131 466 diversantur
1162 425 1205 466 in
1238 425 1354 466 hunc
1384 424 1578 466 modum.
1642 424 1855 466 Centrum
1877 440 1894 474 5

301 493 582 547 epiciclorum
605 494 793 535 Veneris
831 499 875 534 et
897 494 1119 535 vMercurii
1154 507 1326 549 semper
1360 500 1463 535 sunt
1498 490 1609 535 cum*
1633 491 1739 544 Sole
1775 507 1854 548 per

302 562 499 603 medium
534 568 718 616 motum,
747 563 851 605 inde
882 570 1060 618 oportet
1091 564 1212 617 quod
1242 564 1393 605 Venus
1423 563 1734 606 et.Mercurius
1750 562 1855 617 jun-

300 639 461 686 gantur
500 631 593 674 Soli
635 634 814 687 quando
851 640 954 675 sunt
993 634 1035 674 in
1072 647 1186 687 auge
1221 633 1290 674 vel
1326 634 1369 674 in
1405 632 1854 688 opposicione‘augis

302 715 481 743 suorum
506 700 816 744 deferencium.
882 703 941 743 Et
970 716 1069 744 cum
1103 709 1204 744 sunt
1237 703 1279 743 in
1304 702 1476 744 duabus
1506 702 1855 756 longitudinibus

304 770 461 812 mediis
494 771 675 826 epicicli,
707 778 809 813 sunt
838 772 881 813 in
913 773 1005 826 ejus
1037 772 1193 814 ultima
1222 786 1297 814 seu
1328 773 1369 813 in
1393 771 1550 825 majori
1572 772 1851 826 longitudine
1876 788 1917 812 ιο

302 856 329 883 a
367 840 486 882 Sole.
567 841 720 883 Motus
753 843 891 884 centri
923 842 1093 897 epicicli
1127 842 1364 897 cujuslibet
1396 843 1528 883 trium
1564 842 1854 896 superiorum,

302 911 471 951 tardior
503 917 568 952 est
604 917 729 952 motu
762 911 880 953 Solis
913 912 957 952 in
987 913 1136 954 medio
1168 910 1289 965 <cum
1319 918 1466 952 autem
1499 911 1636 952 cuivis
1669 911 1855 952 istorum

304 985 450 1020 motus
480 980 658 1021 additur
686 987 729 1021 et
759 988 907 1022 motus
935 983 1129 1036 corporis
1158 982 1334 1036 planete
1364 981 1406 1021 in
1435 979 1633 1034 epiciclo,
1655 980 1712 1021 sit
1733 979 1852 1021 simi-

303 1049 355 1090 lis
398 1050 540 1090 motui
583 1048 701 1091 Solis
751 1051 924 1106 medio).
1026 1051 1137 1092 Ideo
1179 1056 1356 1105 oportet
1397 1063 1497 1092 cum
1539 1050 1622 1103 ipsi
1664 1055 1766 1091 sunt
1809 1048 1851 1091 in

301 1119 489 1172 augibus
514 1118 798 1173 epiciclorum
829 1120 1007 1174 quando
1036 1119 1131 1162 Soli
1158 1120 1496 1174 conjunguntur,
1525 1119 1644 1174 quod
1678 1125 1854 1175 tempus
1877 1137 1914 1170 15

303 1188 535 1230 redicionis
566 1189 623 1230 ad
653 1203 789 1244 auges
815 1190 1096 1245 epiciclorum
1120 1191 1176 1231 sit
1206 1189 1363 1243 equale
1385 1189 1576 1244 tempori
1598 1188 1854 1230 reversionis

303 1258 422 1300 Solis
443 1259 499 1300 ad
520 1272 671 1300 eorum
695 1259 1039 1314 conjuncciones.
1116 1260 1175 1301 Et
1197 1266 1373 1315 oportet
1394 1259 1513 1313 quod
1532 1258 1619 1300 sint
1641 1258 1684 1299 in
1702 1271 1852 1299 eorum

303 1329 661 1382 opposicionibus
711 1330 891 1384 augium
935 1330 1114 1384 quando
1162 1330 1257 1373 Soli
1300 1336 1596 1384 opponuntur.
1702 1329 1855 1370 Preter

303 1404 448 1439 motus
467 1405 695 1440 enarratos
711 1401 1013 1454 unusquisque
1036 1400 1195 1441 horum
1214 1399 1491 1454 planetarum
1509 1399 1703 1453 quinque
1716 1398 1853 1440 habet

303 1473 474 1508 motum
508 1469 731 1523 proprium
764 1469 1006 1512 stellarum.
1071 1471 1200 1512 Patet
1231 1484 1335 1524 ergo
1367 1483 1426 1511 ex
1447 1468 1540 1522 jam
1571 1468 1700 1511 dictis
1732 1468 1852 1522 quod
1873 1487 1915 1510 20

303 1544 448 1579 motus
485 1538 781 1593 cuiuscunque
815 1539 973 1581 horum
1005 1545 1209 1594 quatuor,
1241 1539 1431 1590 Saturni,
1463 1538 1597 1592 Jovis,
1619 1538 1786 1589 Martis,
1809 1544 1854 1579 et

301 1606 502 1657 Veneris,
538 1608 611 1661 qui
650 1608 1042 1663 comprehenditur
1074 1609 1116 1650 in
1149 1609 1244 1651 celo
1273 1612 1572 1663 {aggregatur
1617 1622 1676 1649 ex
1715 1608 1853 1649 tribus

303 1676 508 1728 motibus,
529 1684 652 1718 motu
675 1678 842 1720 scilicet
866 1679 1059 1734 corporis
1076 1679 1253 1732 planete
1271 1679 1314 1719 in
1332 1677 1528 1733 epiciclo‚
1545 1684 1590 1719 et
1606 1677 1742 1719 centri
1760 1677 1853 1731 epi-

301 1745 395 1786 cicli
422 1746 464 1786 in
494 1746 727 1799 deferente,
750 1754 793 1789 et
824 1754 947 1789 motu
977 1747 1204 1790 stellarum
1239 1747 1443 1789 fixarum.
1521 1747 1674 1788 Motus
1701 1753 1852 1788 autem

304 1815 509 1857 Mercurii
527 1831 584 1857 ex
603 1824 792 1871 quatuor
809 1825 1090 1872 aggregatur,
1108 1818 1288 1867 scilicet,
1302 1831 1360 1858 ex
1383 1817 1549 1858 eisdem
1566 1816 1707 1858 tribus
1724 1816 1852 1858 dictis
1873 1835 1912 1869 25

302 1891 344 1926 et
367 1899 425 1926 ex
449 1893 571 1928 motu
593 1887 731 1928 centri
755 1887 992 1929 deferentis
1017 1888 1058 1928 in
1087 1887 1249 1929 circulo
1277 1902 1426 1943 parvo.
1487 1887 1669 1930 Accidit
1699 1892 1850 1929 autern

303 1955 538 2009 unicuique
560 1957 718 1998 horum
742 1957 937 2012 quinque
964 1957 1207 2000 declinacio
1231 1964 1274 1999 et
1304 1957 1487 2000 reflexio
1508 1957 1779 2012 quandoque
1796 1957 1852 1998 ad

303 2025 525 2076 orientem,
544 2028 814 2080 quandoque
837 2028 892 2068 ad
916 2028 1202 2069 occidentem.
1250 2028 1480 2069 Diameter
1497 2028 1613 2069 enirn
1637 2026 1852 2069 transiens

303 2108 381 2147 per
412 2107 573 2149 augem
606 2102 649 2137 et
678 2096 771 2150 ejus
793 2097 1124 2152 opposicionem
1149 2097 1319 2151 epicicli
1343 2110 1430 2139 non
1453 2096 1630 2152 respicit
1651 2101 1850 2138 centrum

303 2163 422 2204 orbis
463 2165 688 2220 signorum
732 2167 813 2207 nisi
854 2173 1005 2208 centro
1047 2167 1228 2222 epiciclo
1269 2168 1490 2209 existente
1532 2167 1575 2207 in
1616 2179 1730 2220 auge
1775 2171 1852 2207 aut
1872 2183 1914 2216 30

303 2234 590 2287 opposicione
632 2235 756 2289 augis
801 2234 1073 2288 deferentis,'
1101 2237 1206 2278 alibi
1249 2251 1353 2278 vero
1406 2237 1626 2277 existente
1675 2235 1852 2290 respicit

302 2308 500 2344 centrum
533 2305 748 2358 equantis.
842 2305 1128 2361 Quapropter
1163 2313 1312 2348 centro
1349 2305 1518 2360 epicicli
1557 2311 1757 2346 currente
1794 2305 1853 2346 ab

302 2385 417 2425 auge
435 2373 491 2414 ad
511 2374 845 2428 opposicionem
869 2375 1105 2430 longitudo
1123 2376 1269 2417 media
1287 2375 1454 2430 epicicli
1473 2374 1671 2429 precedit
1685 2387 1849 2425 veram,

300 2442 420 2493 quod
454 2449 519 2483 est
552 2444 818 2484 contrarium
853 2443 947 2497 ejus
976 2445 1096 2498 quod
1126 2451 1192 2486 est
1224 2445 1265 2486 in
1291 2445 1429 2486 Luna.
1492 2444 1553 2486 Et
1576 2458 1628 2486 eo
1649 2451 1852 2486 currente

302 2509 359 2550 ab
381 2512 668 2566 opposicione
691 2514 814 2568 augis
835 2515 891 2555 ad
915 2528 1087 2568 augem,
1111 2515 1324 2569 contingit
1346 2527 1369 2554 e
1392 2514 1625 2556 contrario.
1870 2531 1910 2564 35

361 2579 438 2621 Ad
463 2581 804 2634 intelligenciam
829 2589 977 2624 motus
991 2597 1145 2625 eorum
1170 2584 1212 2625 in
1237 2583 1467 2625 latitudine
1484 2584 1710 2625 sciendum
1728 2583 1850 2638 quod

303 2649 430 2691 stelle
461 2649 651 2692 latitudo
684 2658 750 2694 est
780 2666 905 2694 arcus
934 2653 1080 2695 circuli
1110 2653 1375 2695 transeuntis
1398 2667 1476 2706 per
1498 2652 1625 2707 polos
1647 2653 1849 2709 ecliptice

350 2738 388 2768 19
413 2730 607 2773 enarratos]
625 2732 790 2764 erraticos
806 2731 836 2763 S
949 2734 1059 2773 23-26
1083 2738 1117 2765 et
1135 2732 1244 2765 centri
1265 2757 1272 2765 .
1292 2757 1299 2765 .
1320 2758 1326 2765 .
1344 2743 1451 2773 parvo
1467 2743 1534 2766 om.
1550 2733 1581 2765 S
