1945 3079
109 1270 169 1301 108
187 1280 206 1300 a
226 1276 254 1301 2.

100 1758 141 1791 O.
161 1768 201 1801 29
218 1759 249 1791 b.

1014 44 1100 90 374

282 151 552 193 Aristoteles
590 149 698 191 dicit
736 156 895 191 octavo
925 148 1220 191 Plzz‘sz'corzcm.
1286 149 1366 192 Set
1388 150 1535 205 plures
1558 163 1691 192 cause
1712 151 1834 204 quod

281 221 368 261 sint
400 219 570 262 infinite
603 219 807 273 potencie
840 232 929 260 non
962 226 1028 261 est
1059 218 1280 273 possibile,
1301 220 1406 274 quia
1436 219 1607 262 infinita
1627 220 1836 274 potencia

280 296 429 344 potest
461 290 689 332 destruere
720 302 899 330 ornnem
931 289 1186 343 potenciam
1218 289 1349 331 aliam
1377 297 1425 339 et
1457 289 1655 344 inpedire
1683 295 1834 332 actum

278 360 458 401 alterius
489 359 803 414 cujuscunque,
837 365 914 400 aut
943 358 1024 400 erit
1054 357 1177 400 finita
1204 364 1249 400 et
1276 372 1364 400 non
1391 365 1552 413 potens
1577 359 1620 417 in
1653 372 1832 400 omnem

277 435 438 482 actum,
461 435 732 483 quapropter
764 442 853 470 non
885 434 1071 482 possunt
1102 441 1196 470 esse
1226 433 1420 470 motores
1450 429 1579 483 primi
1609 427 1768 483 plures,
1790 433 1835 470 et
1851 447 1870 480 5

279 499 379 540 ideo
402 512 483 540 nec
506 498 660 539 mundi
684 497 844 553 plures,

338 568 452 609 Item
469 569 504 609 si
523 568 669 622 plures
687 573 832 609 essent
856 567 1021 617 mundi,
1038 573 1186 609 essent
1203 565 1369 608 similes
1386 567 1428 608 in
1447 567 1596 621 specie
1617 574 1662 609 et
1685 557 1835 622 partes

278 644 425 679 essent
453 638 620 678 similes
651 637 694 678 in
724 636 886 690 specie,
914 637 1031 677 unde
1062 643 1179 678 terra
1206 636 1330 678 istius
1358 636 1512 678 mundi
1534 642 1651 678 esset
1676 635 1834 677 similis

278 707 321 747 in
355 707 502 761 specie
533 720 633 748 curn
668 712 784 747 terra
815 705 995 747 alterius
1029 705 1194 757 mundi,
1226 705 1338 747 sicut
1377 698 1506 759 glebe
1544 705 1672 746 unius
1704 712 1832 747 terre.

279 777 359 818 Set
391 790 580 831 corpora
611 775 772 817 similia
803 775 1046 817 secundum
1077 775 1268 829 speciem
1304 781 1408 815 nata
1440 781 1543 816 sunt
1577 775 1743 816 moveri
1775 775 1832 817 ad
1855 793 1896 818 ιο

277 847 467 887 eundem
495 845 641 886 locum
669 845 913 886 secundum
938 844 1141 898 speciem,
1164 850 1213 885 ut
1236 844 1325 885 duo
1347 844 1499 897 gravia
1519 844 1589 886 vel
1612 845 1700 886 duo
1722 843 1835 886 levia

275 916 319 956 in
351 915 435 957 hoc
469 915 648 962 mundo,
671 928 777 969 ergo
808 921 925 955 terra
957 913 1082 954 istius
1110 913 1264 955 mundi
1296 919 1401 955 nata
1430 920 1546 955 esset
1579 913 1746 955 moveri
1775 913 1832 955 ad

272 990 474 1026 centrum
496 983 674 1025 alterius
697 983 864 1034 mundi,
887 983 999 1024 sicut
1027 989 1143 1024 terra
1165 981 1279 1023 illius
1299 983 1470 1034 mundi,
1492 989 1536 1024 et
1558 997 1582 1024 e
1604 983 1834 1033 contrario,

275 1059 390 1094 terra
410 1053 591 1094 alterius
615 1059 719 1093 nata
741 1058 856 1094 esset
882 1052 1046 1093 moveri
1070 1052 1126 1092 ad
1150 1058 1352 1093 centrum
1376 1052 1502 1093 istius
1526 1052 1691 1093 mundi.
1725 1076 1729 1080 -
1753 1051 1834 1100 Set

275 1130 392 1164 terra
407 1123 532 1164 istius
551 1122 702 1163 mundi
721 1134 808 1162 non
827 1127 976 1176 potest
999 1120 1165 1162 moveri
1184 1120 1240 1162 ad
1264 1127 1465 1162 centrum
1487 1122 1638 1163 mundi
1653 1121 1832 1164 alterius
1853 1140 1908 1173 15·

274 1192 356 1232 nisi
389 1197 591 1247 penetret
623 1191 766 1244 primo
796 1188 1196 1232 circumferenciam
1237 1190 1303 1231 sui
1343 1191 1507 1241 mundi,
1546 1191 1679 1245 igitur
1713 1197 1832 1232 terra

275 1269 379 1303 nata
417 1267 532 1303 esset
565 1260 731 1302 moveri
765 1274 948 1308 sursum,
978 1259 982 1315 1
1011 1260 1132 1314 quod
1169 1267 1235 1301 est
1278 1260 1566 1314 impossibile.
1631 1260 1730 1302 Hec
1763 1267 1832 1302 est

275 1330 598 1373 demonstracio
628 1329 901 1383 Aristotelis,
934 1342 1013 1371 nec
1045 1328 1212 1382 aliquid
1246 1329 1344 1383 plus
1377 1329 1497 1383 quod
1525 1329 1672 1372 valeat
1704 1330 1830 1383 ponit

272 1400 315 1440 in
349 1399 544 1454 capitulo
575 1399 628 1440 de
660 1398 817 1441 mundi
850 1399 1019 1441 unitate
1051 1412 1324 1452 quamquam
1360 1398 1487 1440 multi
1524 1399 1610 1440 sint
1648 1398 1707 1440 ibi
1741 1412 1829 1440 ser-

274 1483 427 1511 mones
448 1475 516 1510 set
537 1468 685 1524 plures
706 1469 750 1509 in
772 1468 967 1523 capitulo
989 1467 1040 1509 de
1061 1467 1295 1522 infinitate.
1852 1487 1893 1510 20

334 1538 559 1580 Addimus
590 1544 739 1579 autem
772 1537 1202 1579 demonstracionem
1236 1536 1599 1579 mathematicam
1638 1538 1696 1579 ad
1735 1537 1827 1579 hoc.

272 1608 389 1649 Nam
414 1608 449 1648 si
473 1607 622 1662 plures
644 1608 743 1658 sint,
766 1613 943 1661 oportet
966 1620 1130 1660 ponere
1158 1619 1360 1658 vacuum,
1383 1607 1503 1660 quod
1530 1607 1651 1660 prius
1679 1620 1828 1662 repro-

269 1678 425 1718 batum
458 1682 523 1718 est
555 1677 598 1717 in
631 1676 878 1718 universali.
941 1675 1277 1730 Consequencia
1306 1683 1457 1717 autem
1491 1675 1571 1717 hec
1598 1681 1724 1729 patet
1753 1689 1831 1730 per

275 1753 376 1789 1211111
407 1746 764 1801 proposicionem
798 1746 921 1788 tercii
950 1743 954 1801 Ι
985 1745 1196 1796 Euclidis,
1231 1745 1265 1786 si
1303 1745 1405 1799 quis
1439 1745 1548 1786 sciat
1585 1745 1828 1799 geometrie

270 1822 542 1871 potestatem
575 1829 709 1869 quam
743 1828 946 1870 suppono
978 1829 1154 1870 semper
1185 1814 1228 1855 in
1261 1814 1550 1865 naturalibus,
1573 1814 1676 1868 quia
1707 1814 1828 1869 prius
1850 1833 1889 1866 25

269 1899 366 1926 eam
385 1885 574 1938 exposui
597 1891 727 1938 prout
748 1883 868 1926 valet
890 1884 1022 1925 rebus
1043 1884 1209 1924 mundi.
1253 1883 1373 1924 Nam
1392 1883 1427 1924 si
1446 1884 1628 1925 omnino
1648 1883 1830 1936 distant,

269 1954 349 1995 erit
370 1967 572 1995 vacuum.
637 1953 685 1995 Si
707 1967 812 1994 vero
836 1952 1176 2007 conjungantur,
1201 1965 1290 1994 non
1321 1952 1646 2008 conjungentur
1671 1953 1750 1994 nisi
1783 1952 1828 1994 in

269 2029 435 2077 puncto
467 2037 545 2077 per
576 2022 696 2063 illam
735 2028 848 2072 12²²m,
883 2021 987 2075 quia
1019 2021 1329 2065 convexitates
1373 2021 1618 2064 abinvicem
1651 2035 1828 2076 separa-

268 2094 433 2134 buntur
455 2107 533 2147 per
553 2106 757 2134 vacuum.

330 2162 426 2203 Nec
463 2168 611 2216 potest
648 2162 733 2203 dici
771 2162 892 2215 quod
926 2174 1038 2202 unus
1068 2161 1363 2202 'circumdabit
1402 2161 1548 2211 alium,
1580 2160 1684 2214 quia
1720 2166 1825 2202 tunc
1846 2177 1889 2210 30

270 2238 471 2273 centrum
504 2231 632 2272 unius
656 2231 915 2273 naturaliter
946 2236 1061 2272 esset
1090 2236 1291 2272 centrum
1322 2229 1504 2272 alterius
1534 2236 1578 2271 et
1605 2230 1707 2271 ideo
1738 2243 1827 2271 una

317 2368 331 2388 1
358 2357 614 2399 Pfflsioorum]
632 2357 701 2389 viii.
722 2358 773 2397 78,
793 2358 845 2389 86.
998 2367 1038 2397 19
1062 2359 1108 2388 de
1126 2359 1260 2388 mundi
1277 2355 1442 2398 unitate]
1459 2356 1498 2388 de
1515 2355 1588 2388 Celo
1607 2360 1637 2388 et
1652 2355 1785 2388 Mundo
1802 2356 1824 2389 i.

270 2414 409 2452 76-100.
547 2422 590 2444 20
613 2415 659 2443 de
677 2411 886 2453 infinitate]
909 2410 1011 2455 Phys.
1030 2412 1076 2443 iii.
1096 2421 1217 2452 24-75.

318 2543 331 2563 1
359 2533 474 2572 plures
491 2542 593 2563 cause
605 2530 714 2572 quod]
739 2531 835 2572 plura
851 2541 930 2562 esse
948 2541 1015 2571 que
1028 2530 1058 2561 O
1126 2540 1146 2569 3
1170 2529 1364 2571 destruere]
1383 2529 1565 2570 despicere
1580 2529 1623 2560 M
1651 2529 1658 2534 ‘
1689 2541 1711 2571 9
1725 2530 1824 2570 glebe

269 2585 370 2616 unius
389 2584 497 2626 terre]
515 2589 606 2615 terre
624 2589 658 2616 et
674 2584 775 2624 globe
793 2584 895 2614 unius
910 2582 952 2613 M
1091 2592 1127 2613 11
1153 2581 1226 2623 vel]
1244 2587 1278 2613 et
1295 2582 1337 2612 M
1476 2591 1515 2622 15
1539 2581 1656 2623 istius]
1674 2583 1774 2614 unius
1792 2582 1824 2614 O

266 2637 440 2678 centrum]
457 2643 582 2669 terram
602 2636 633 2667 O
784 2637 823 2666 18
847 2636 938 2675 quod
961 2635 1073 2666 valeat
1090 2645 1154 2666 om.
1177 2635 1217 2665 M
1409 2643 1515 2673 19—20
1539 2633 1577 2665 de
1593 2658 1600 2666 .
1622 2659 1629 2666 .
1649 2659 1656 2666 .
1675 2635 1825 2676 capitulo

265 2700 330 2720 om.
352 2689 394 2719 M
493 2700 534 2728 24
558 2688 652 2730 quis]
670 2688 792 2728 aliquis
810 2687 841 2719 Ο
895 2697 936 2728 25
962 2686 1185 2728 potestatem]
1203 2686 1386 2727 puritatem
1403 2685 1446 2716 M
1549 2686 1590 2717 28
1615 2686 1823 2728 abinvicem]

265 2744 457 2776 adinvicem
476 2744 518 2775 M
533 2738 536 2742 ⁴
