1945 3079
809 110 888 163 361

13 219 16 222 ’
83 218 251 260 infinita
282 219 516 272 unicuique
547 219 768 268 accidere3
805 226 871 261 set
902 228 1060 264 natura
1097 224 1275 277 requirit
1309 226 1428 279 quod
1466 225 1621 267 melius

83 294 161 338 est,
180 293 224 328 et
246 288 364 340 quod
384 286 556 328 finitum
575 293 652 336 est,
670 294 713 328 et
731 301 816 329 uno
836 290 982 340 modo,
1002 298 1180 344 propter
1196 295 1313 346 quod
1332 294 1620 348 replecionem

83 357 202 398 illam
233 355 410 409 requirit
441 369 528 409 que
556 362 621 397 est
648 357 889 398 secundum
918 357 1104 413 figuram
1133 360 1388 414 regularem,
1413 369 1456 404 et
1477 363 1618 404 solum

81 425 200 466 illam
217 438 302 478 que
317 424 566 479 principalis
582 431 624 465 et
639 425 780 478 prima
803 432 846 467 et
869 427 1025 468 melior
1038 442 1124 481 que
1140 430 1277 470 eciam
1293 430 1386 471 sola
1401 437 1481 474 est.
1524 431 1621 473 Aut

45 493 115 543 5si
152 507 238 547 que
273 491 358 533 alia
392 499 470 543 est,
506 493 601 546 ipsa
634 493 769 534 habet
806 495 1140 547 possibilitatem
1174 498 1382 551 replendi,
1419 500 1520 552 quia
1556 514 1619 541 re-

82 561 254 603 ducitur
275 562 330 602 ad
354 560 472 602 illam
496 575 582 615 que
606 562 860 616 principalis
882 570 959 604 est.

142 629 190 672 Si
220 644 324 671 vero
355 631 526 671 dicatur
554 631 672 683 quod
698 631 894 673 similiter
925 633 1140 687 contingit
1173 635 1420 688 ymaginari
1452 637 1493 676 in
1526 636 1620 678 celo

82 699 333 753 hujusmodi
366 699 552 753 figuram
584 700 779 754 parcium
812 707 989 751 rectam,
1023 703 1057 742 si
1094 709 1235 743 totum
1269 703 1410 744 celum
1442 704 1618 758 plenum

83 767 387 821 intelligamus,
420 782 446 809 a
478 767 602 821 cujus
633 775 800 821 puncto
832 769 874 810 in
904 770 1050 810 medio
1083 777 1230 823 partes
1262 778 1426 813 exeant
1458 774 1513 813 ad
1544 773 1621 813 cir-

25 851 64 875 10
83 835 430 885 cumferenciam,
467 842 510 877 et
548 836 649 878 ideo
694 838 850 878 eadem
889 838 968 878 erit
1006 839 1224 880 rectitudo
1251 838 1256 894 Ι
1285 840 1327 880 in
1363 841 1457 881 celo
1494 848 1538 882 et
1580 842 1621 882 in
1645 862 1786 894 105a1.

82 903 309 946 elementis
341 911 385 947 et
417 906 574 946 eadem
606 905 862 949 circulacio:
905 906 1138 948 dicendum
1176 914 1242 949 est
1278 909 1396 962 quod
1432 923 1517 951 non
1557 917 1624 952 est

82 987 233 1015 verum
256 987 336 1015 nec
358 974 501 1016 simile
522 980 703 1029 propter
724 975 885 1016 multas
908 989 1072 1017 causas.
1127 976 1229 1018 Una
1250 984 1315 1018 est
1337 979 1455 1031 quod
1479 978 1620 1020 celum

84 1048 148 1084 est
177 1042 339 1084 mobile
368 1057 425 1084 ex
455 1049 612 1085 natura
634 1057 714 1085 sua
736 1049 860 1084 motu
884 1044 1089 1096 circulari,
1113 1051 1157 1086 et
1183 1046 1294 1087 circa
1321 1047 1515 1088 medium
1540 1048 1621 1087 im-

84 1111 256 1162 mobile,
275 1113 515 1154 secundum
532 1114 652 1166 quod
667 1112 935 1154 Aristoteles
952 1114 1058 1165 vult,
1074 1115 1268 1155 secundo
1291 1114 1382 1157 Celz·
1391 1122 1432 1156 et
1444 1115 1622 1166 Mundi,

27 1194 64 1227 15
83 1186 127 1222 et
147 1179 368 1223 Averroes
397 1181 480 1224 hoc
503 1182 747 1233 confirmat,
770 1189 815 1224 et
843 1182 1110 1224 Aristoteles
1138 1184 1181 1224 in
1211 1183 1323 1224 libro
1351 1184 1402 1225 de
1429 1185 1625 1226 Motibus

83 1249 362 1292 Animalium
385 1252 581 1297 ostendit
612 1252 731 1306 quod
755 1253 900 1293 omnis
924 1258 1070 1293 motus
1103 1253 1326 1294 reducitur
1355 1255 1411 1295 ad
1444 1254 1622 1308 aliquod

84 1320 321 1371 immobile,
340 1326 384 1361 et
405 1321 489 1362 hoc
511 1322 654 1376 tangit
677 1322 720 1362 in
743 1328 900 1363 octavo
916 1321 1208 1363 Phisz'corum.
1252 1323 1354 1363 Non
1377 1322 1533 1377 loquor
1554 1323 1624 1364 hic

83 1389 140 1430 de
165 1396 337 1431 motore
368 1390 596 1440 immobili,
627 1396 694 1432 set
725 1391 781 1431 de
811 1390 898 1432 alia
930 1391 1074 1433 radice
1106 1391 1320 1444 corporali
1353 1392 1444 1432 fixa
1476 1393 1623 1446 quiete

84 1465 308 1513 perpetua,
332 1466 379 1501 ut
401 1466 468 1501 est
490 1466 606 1501 terra
628 1468 828 1515 respectu
850 1460 943 1511 celi,
965 1460 1083 1514 quod
1108 1467 1174 1502 est
1196 1467 1392 1502 centrum
1424 1461 1515 1514 ejus
1543 1463 1623 1502 im-

27 1544 67 1569 20
85 1526 257 1578 mobile,
279 1528 348 1570 vel
379 1535 524 1570 totum
554 1536 813 1571 contentum
842 1544 868 1571 a
901 1529 1007 1577 celo,
1031 1535 1079 1570 ut
1101 1535 1222 1571 totus
1248 1529 1406 1583 globus
1436 1537 1628 1583 quatuor

82 1595 403 1652 ¹elementorum
436 1599 608 1640 dicatur
639 1599 746 1641 illud
780 1598 1008 1640 immobile
1040 1600 1154 1640 circa
1186 1600 1303 1652 quod
1339 1605 1552 1649 movetur,
1574 1600 1628 1640 de

84 1679 172 1719 quo
202 1668 546 1709 considerabitur
577 1675 688 1723 post.
750 1667 810 1710 Et
843 1669 943 1710 ideo
968 1675 1125 1710 natura
1157 1668 1237 1709 celi
1269 1668 1411 1722 exigit
1442 1668 1553 1710 infra
1581 1682 1627 1710 se

87 1734 205 1776 aliud
226 1737 424 1778 continui
447 1744 627 1791 propter
647 1737 899 1791 hujusmodi
924 1744 1095 1779 motum
1118 1737 1389 1788 circularem,
1415 1739 1419 1792 Ι
1443 1743 1628 1791 propter
1646 1742 1687 1774 O.
1707 1751 1746 1782 23
1765 1752 1795 1772 a.

86 1805 203 1858 quod
241 1806 280 1846 ei
317 1813 533 1861 repugnat
570 1813 618 1848 ut
654 1813 801 1862 partes
839 1806 931 1860 ejus
970 1805 1182 1860 impleant
1219 1806 1363 1847 locum
1402 1819 1539 1859 usque
1570 1806 1625 1847 ad

29 1887 66 1920 ²5
85 1879 282 1915 centrum
311 1875 416 1929 ejus,
439 1883 482 1917 et
509 1876 608 1917 ideo
635 1877 697 1918 eis
719 1890 806 1917 non
829 1876 1014 1917 debetur
1036 1875 1288 1929 hujusmodi
1313 1874 1453 1928 figura
1475 1875 1628 1916 cubica

85 1954 171 1994 qua
193 1952 458 1986 concurrant
479 1945 591 1987 circa
613 1959 748 1986 unum
772 1951 996 2000 punctum.

145 2011 259 2053 Item
282 2028 340 2054 ex
361 2013 446 2055 alia
468 2027 612 2056 causa.
675 2015 794 2056 Nam
813 2015 855 2054 in
873 2013 967 2056 celo
989 2013 1245 2054 naturaliter
1266 2025 1354 2054 non
1382 2013 1628 2065 distingun-

86 2085 156 2121 tur
185 2094 357 2123 sursum
391 2090 435 2125 et
465 2085 682 2132 deorsum,
712 2083 889 2131 scilicet,
912 2083 1033 2124 locus
1075 2081 1237 2123 levium
1273 2087 1317 2122 et
1345 2081 1556 2134 gravium,
1585 2087 1630 2122 et

85 2148 184 2191 ideo
207 2164 306 2192 cum
337 2151 479 2193 celum
511 2166 598 2194 non
626 2152 788 2194 habeat
818 2158 966 2206 partes
994 2165 1164 2206 graves,
1188 2164 1274 2191 non
1300 2156 1446 2205 potest
1469 2149 1630 2190 habere

27 2232 69 2265 3ο
86 2231 159 2260 eas
180 2233 318 2275 prope
340 2227 551 2273 centrum,
572 2228 616 2263 et
646 2222 746 2263 ideo
778 2221 919 2264 celum
950 2220 1128 2274 requirit
1158 2219 1423 2260 elementum
1451 2218 1562 2259 infra
1583 2231 1630 2258 se

87 2287 142 2329 de
182 2295 339 2331 natura
385 2291 723 2344 proporcionata
758 2289 1057 2344 propriissima
1094 2295 1138 2329 et
1182 2287 1499 2341 specialissima
1532 2285 1627 2327 celi.

133 2458 171 2487 14
197 2450 280 2481 Geli
310 2453 348 2481 et
376 2449 532 2490 Mundi]
563 2449 596 2482 ii.
632 2459 681 2488 17.
855 2447 962 2486 15-16
986 2449 1031 2477 de
1063 2447 1232 2477 Motibus
1263 2443 1512 2485 Animalium]
1545 2444 1565 2475 i.
1598 2453 1630 2483 3.

89 2509 125 2539 17
150 2501 405 2542 Phisieorum]
424 2501 493 2532 viii.
513 2502 567 2540 84.

131 2648 150 2678 5
174 2639 448 2682 possibilitatem]
466 2650 568 2680 posse
588 2638 619 2670 Ο
781 2648 818 2677 14
843 2636 1009 2679 secundo]
1028 2635 1133 2668 tercio
1149 2635 1191 2666 M
1334 2643 1371 2674 17
1398 2633 1474 2665 Non
1491 2632 1629 2673 loquor]

90 2691 163 2724 Nec
180 2693 326 2733 loquitur
345 2693 376 2724 Ο
499 2703 538 2732 19
562 2691 670 2732 quod]
689 2702 756 2732 que
776 2691 807 2722 O
917 2700 956 2720 21
984 2689 1131 2730 dicatur]
1152 2689 1285 2719 dicetur
1302 2685 1334 2718 Ο
1401 2685 1482 2716 illud
1507 2695 1571 2715 om.
1599 2683 1630 2714 Ο

89 2754 131 2784 23
155 2744 322 2786 continui]
354 2745 534 2776 continere
559 2744 602 2774 M
765 2753 805 2781 24
829 2741 1009 2782 impleant]
1035 2740 1180 2781 implent
1203 2738 1234 2770 O
1336 2747 1379 2776 30
1402 2735 1629 2776 elementum]

88 2796 257 2835 elementa
277 2796 308 2827 Ο
440 2806 479 2835 31
508 2795 769 2836 proporcionata
787 2804 852 2824 om.
873 2793 903 2823 Ο
