1945 3079
105 687 164 718 123
181 677 203 708 b
222 686 249 709 2.

1002 17 1091 56 424

272 120 350 160 nisi
386 120 505 173 quod
532 119 729 161 Thebith
760 120 894 160 alium
926 125 1096 162 motum
1129 134 1263 174 quam
1288 122 1578 165 Ptholomeus
1600 123 1747 177 posuit
1776 124 1820 165 in

271 188 376 229 orbe
398 188 626 229 stellarum
646 188 836 230 fixarum
852 190 1090 231 adinvenit.
1135 191 1253 232 Nam
1272 191 1385 233 sicut
1406 192 1618 247 explanat
1641 192 1822 234 Ptholo-

272 271 395 298 meus
420 258 464 297 in
487 257 747 311 Almagesti,
766 272 845 312 per
858 259 1231 301 considerationes
1248 274 1348 302 suas
1366 262 1422 303 ad
1440 263 1822 304 consideraciones

270 327 491 369 Abrachis
524 333 568 368 et
599 326 788 368 aliorum
821 329 895 381 qui
930 329 1074 381 ipsum
1107 337 1412 382 precesserunt
1442 331 1613 381 relatas,
1635 332 1824 386 putabat

271 402 442 437 motum
479 397 573 450 ejus
607 411 702 438 esse
736 398 995 439 continuum
1031 403 1074 438 et
1111 398 1376 440 uniformem
1408 401 1465 441 ab
1498 400 1729 442 occidente
1766 401 1822 442 ad
1843 417 1860 450 5

271 466 486 507 orientem
517 480 647 519 super
673 467 800 519 polos
834 467 1014 518 zodiaci,
1038 467 1081 507 in
1117 479 1199 506 100
1231 469 1356 509 annis
1379 482 1457 522 per
1479 482 1615 510 unum
1637 469 1823 524 gradum

272 535 373 576 sere.
469 534 549 576 Set
605 535 850 589 Albategni
907 542 1009 590 post
1069 535 1381 578 Ptholomeum
1434 528 1824 578 inuniformitatem

272 606 451 646 secundi
485 611 632 646 motus
665 612 757 646 tam
788 605 1031 647 secundum
1064 606 1393 659 longitudinem
1425 593 1560 660 quam
1583 607 1826 648 secundum

273 674 551 715 latitudinem
587 675 966 728 deprehendebat,
1009 682 1052 716 et
1095 675 1215 728 quod
1245 674 1250 729 1
1279 688 1366 716 non
1410 676 1556 729 equali
1591 675 1827 717 velocitate

274 745 516 785 secundum
561 746 884 786 successionem
930 746 1158 800 signorum
1211 746 1513 798 procedebat;
1565 744 1826 799 qualitatem

275 821 424 855 tamen
447 815 513 854 sui
537 820 685 855 motus
708 828 796 856 non
819 815 997 856 invenit.
1047 814 1137 856 Sed
1155 814 1349 856 Thebith
1368 820 1470 868 post
1487 815 1631 869 ipsum
1647 827 1825 855 causam

276 884 542 925 diversitatis
578 884 844 938 conjectans,
879 890 1027 925 motus
1062 884 1156 937 ejus
1187 890 1290 924 ante
1326 891 1369 925 et
1403 890 1520 924 retro
1553 896 1685 937 super
1715 883 1828 923 duos

276 952 460 993 circulos
478 966 636 1007 parvos
653 966 785 1007 super
806 953 951 1007 capita
967 953 1134 993 Arietis
1157 959 1201 994 et
1220 952 1356 993 Libre
1378 952 1484 1003 fixa,
1507 952 1828 1005 descripciones

277 1035 465 1075 quorum
511 1023 743 1075 dyameter
780 1029 846 1063 est
889 1029 993 1064 octo
1029 1022 1247 1075 graduum
1284 1027 1328 1075 et
1367 1031 1419 1075 37
1458 1020 1740 1069 minutorum,
1775 1020 1828 1060 26

276 1092 579 1144 secundorum,
604 1092 904 1145 deprehendit.
1722 1141 1725 1145 ¹

337 1160 441 1201 Illos
458 1166 607 1201 autern
630 1160 813 1202 circulos
835 1162 1092 1204 describunt
1119 1168 1252 1215 caput
1279 1161 1447 1202 Arietis
1473 1167 1516 1202 et
1540 1160 1674 1202 Libre
1695 1162 1830 1213 caput

278 1242 363 1283 que
400 1230 715 1283 ymaginantur
749 1230 792 1270 in
834 1231 941 1272 orbe
982 1231 1223 1273 stellarum.
1285 1231 1346 1272 Et
1391 1236 1528 1284 patet,
1569 1229 1688 1284 quod
1729 1242 1828 1271 cum

280 1305 428 1340 motus
462 1300 580 1340 orbis
617 1314 695 1353 per
731 1301 900 1341 dictum
933 1306 1104 1341 motum
1135 1307 1378 1348 moveatur,
1404 1300 1524 1354 quod
1557 1312 1732 1340 necesse
1763 1304 1831 1339 est

280 1368 428 1408 stellas
444 1368 683 1421 aliquando
694 1369 859 1410 moveri
877 1369 1120 1410 secundum
1136 1370 1458 1411 successionem
1476 1368 1829 1422 signorum‚dum

280 1437 444 1478 scilicet
460 1438 719 1479 describitur
733 1452 820 1479 una
839 1439 1053 1480 medietas
1071 1439 1289 1479 dictorum
1305 1436 1831 1491 circulorum‚aliquando

281 1513 436 1548 contra
479 1508 813 1559 successionem,
862 1508 969 1548 dum
1018 1507 1187 1549 scilicet
1244 1507 1510 1548 describitur
1545 1505 1633 1547 alia
1677 1519 1831 1547 eorum

281 1576 497 1617 medietas
517 1592 526 1626 ;
558 1577 725 1630 primus
748 1583 895 1618 motus
917 1582 1100 1618 vocatur
1122 1590 1334 1627 accessus,
1353 1576 1571 1617 secundus
1595 1588 1800 1617 recessus.

341 1645 401 1686 Et
433 1659 611 1687 necesse
643 1652 709 1686 est
741 1646 882 1686 eciam
914 1646 1103 1687 eandem
1137 1645 1326 1695 stellam,
1360 1645 1431 1686 vel
1462 1645 1579 1686 idem
1617 1650 1832 1698 punctum

280 1715 410 1762 orbis,
442 1714 682 1767 aliquando
718 1715 937 1756 declinare
971 1715 1028 1755 ad
1067 1714 1414 1767 septentrionem
1453 1728 1479 1754 a
1511 1713 1695 1755 zodiaco
1727 1712 1834 1761 fixo,

281 1784 522 1836 aliquando
545 1785 602 1825 ad
626 1785 869 1833 meridiem,
894 1790 938 1824 et
967 1784 1239 1837 quandoque
1270 1783 1352 1824 sibi
1386 1782 1607 1836 conjungi.
1662 1782 1723 1823 Et
1751 1781 1834 1823 hoc

283 1859 407 1894 motu
438 1854 680 1894 secundum
715 1853 911 1894 Thebith
945 1859 1177 1894 moventur
1209 1865 1363 1910 omnes
1388 1852 1517 1892 orbes
1547 1850 1834 1901 inferiorum;

282 1923 412 1971 unde,
445 1923 685 1963 secundum
720 1923 876 1975 ipsum,
912 1936 1047 1976 auges
1075 1921 1352 1976 planetarum
1395 1926 1569 1961 mutant
1601 1920 1697 1961 loca
1725 1933 1833 1971 sua;

282 1993 403 2046 quod
426 1998 576 2033 tamen
599 1998 666 2033 est
688 1998 841 2032 contra
866 1991 1180 2032 Ptholomeum
1211 1997 1428 2043 quantum
1455 1990 1510 2030 ad
1539 1989 1693 2030 orbem
1715 1988 1833 2030 solis.

285 2062 417 2103 Hunc
440 2067 590 2102 autem
615 2067 787 2102 motum
812 2066 915 2115 post
932 2059 1131 2101 Thebith
1154 2059 1419 2114 approbavit
1433 2057 1681 2108 Arzache13
1712 2063 1756 2099 et
1776 2058 1834 2099 ad

285 2132 430 2185 ipsum
452 2129 625 2172 tabulas
646 2130 788 2171 Toleti
812 2129 1071 2183 composuit.

341 2268 613 2322 <Capitulum
646 2268 878 2322 septimum
911 2267 964 2308 de
998 2268 1218 2309 sentencia
1256 2257 1529 2320 Alpetragz'z‘‚'
1559 2266 1637 2318 qui
1672 2265 1836 2306 nititur

286 2338 514 2392 reprobare
563 2339 803 2379 senlencz'as
841 2336 1148 2391 predictormn‚
1197 2343 1242 2377 et
1289 2336 1509 2390 opiniones
1559 2334 1835 2376 naturalium

287 2407 516 2462 stabilire.)

347 2500 452 2540 Post
495 2499 806 2540 Ptholomeum
858 2504 901 2540 et
949 2499 1092 2539 dictos
1138 2497 1231 2551 ejus
1271 2509 1494 2550 sequaces,
1536 2494 1836 2549 Alpetragius‚

1848 764 1888 787 10

1851 1104 1890 1136 15

1852 1452 1893 1474 20

1854 1798 1893 1831 25

1854 2143 1896 2175 30

289 2569 571 2610 consideratis
592 2569 796 2609 omnibus
819 2568 1016 2609 motibus
1045 2568 1089 2608 in
1118 2567 1214 2608 celo
1244 2566 1486 2607 secundum
1521 2563 1834 2605 Ptholomeum
1856 2576 1895 2609 35

334 2671 353 2699 3
378 2659 599 2702 Almagesti]
615 2661 668 2690 vii.
683 2670 714 2699 2,
728 2669 782 2699 pp.
803 2659 964 2698 179—180.
1057 2670 1077 2697 4
1103 2657 1305 2688 ‘Abrachis’
1319 2656 1346 2687 is
1359 2655 1588 2696 Hipparchus.
1683 2664 1700 2693 7
1724 2656 1835 2686 Alba-

292 2715 412 2756 tegni]
432 2715 464 2746 ff.
484 2725 525 2754 45
543 2726 596 2755 vo,
614 2715 653 2745 81
676 2714 745 2754 (ed.
769 2717 877 2754 1537).
1015 2723 1056 2753 34
1079 2710 1334 2753 Alpetragius]
1353 2721 1409 2751 op.
1430 2710 1484 2742 cit.
1505 2710 1525 2742 s.
1545 2721 1565 2740 v
1582 2719 1653 2750 sqq.
