1945 3079
805 111 890 155 445

78 214 342 256 Aristoteles
369 214 475 256 dicit
506 214 648 268 primo
682 213 773 256 Celz'
791 222 835 256 et
854 216 1024 257 llsuudz'
1053 223 1096 257 et
1119 217 1349 271 Averroys
1371 218 1622 271 expressius

77 298 207 337 super
234 284 239 339 Ι
268 284 547 324 undecimum
567 299 575 332 ;
618 297 754 337 quare
791 291 973 339 propter
1014 286 1339 327 multitudinem
1377 293 1622 327 centrorum

77 352 341 394 naturalium
375 353 418 392 in
450 351 642 405 epiciclis
675 358 719 392 et
749 353 973 395 ecentricis
996 360 1110 395 esset
1133 354 1254 395 locus
1278 355 1488 396 naturalis
1511 362 1625 396 terre

79 421 325 475 multiplex,
347 427 390 461 et
415 421 474 461 ita
496 421 643 473 plures
668 423 835 463 mundi.

39 508 57 539 5
138 490 199 530 Et
235 490 290 530 ad
326 489 408 529 hoc
447 490 585 530 eciam
628 498 693 530 est
725 491 882 543 positis
915 491 1103 544 augibus
1146 491 1421 545 planetarum
1464 493 1507 532 in
1540 505 1626 532 una

78 557 192 599 linea
230 565 272 599 et
307 564 582 608 moveantur,
612 565 786 612 oportet
820 573 980 612 corpus
1017 560 1197 613 aliquod
1240 574 1333 601 esse
1372 568 1419 602 ut
1461 560 1626 614 repleat

78 627 224 669 locum
261 627 384 680 augis
414 639 466 666 ne
504 626 561 667 sit
598 640 797 675 vacuum,
831 635 876 669 et
913 629 988 677 ita,
1011 635 1059 669 ut
1092 628 1199 669 dicit
1234 628 1462 682 Averroys
1496 642 1627 682 super

78 696 372 745 undecimum,
394 700 571 747 oportet
595 708 689 736 esse
706 695 888 749 aliquod
906 710 1065 750 corpus
1093 696 1248 738 inutile
1274 698 1317 737 in
1341 704 1507 748 natura,
1534 697 1627 738 sive

78 765 194 806 orbis
217 764 310 818 ipse
331 762 502 805 celestis
517 763 598 804 erit
617 764 920 806 rarefactibilis
939 772 982 806 et
1004 765 1326 817 condensibilis‚
1346 766 1438 806 sive
1459 766 1624 818 aliquid

22 849 60 872 10
79 833 190 875 inter
211 833 350 874 orbes.
415 831 475 873 Et
500 831 654 872 inutile
684 839 799 874 esset
822 833 903 874 nisi
931 833 1054 875 fieret
1084 841 1131 875 ut
1160 834 1417 876 excluderet
1438 848 1625 875 vacuum

78 914 266 955 sequens
283 901 339 942 ad
360 907 529 942 motum
547 900 786 942 celestium.
841 901 920 943 Set
937 902 1020 943 hoc
1044 903 1300 956 inpossibile
1317 904 1501 954 videtur,
1521 917 1624 944 nam

80 976 228 1011 motus
250 969 322 1010 ille
351 969 622 1023 inpossibilis
647 977 713 1010 est
739 971 795 1011 ad
819 985 949 1024 quem
972 985 1158 1012 vacuum
1182 973 1389 1025 sequitur.
1453 973 1626 1014 Deinde

80 1045 261 1093 propter
282 1039 567 1092 negacionem
581 1040 706 1080 vacui
726 1053 814 1079 non
832 1040 964 1081 debet
982 1041 1086 1093 poni
1104 1041 1271 1094 aliquid
1294 1042 1413 1094 quod
1436 1041 1543 1082 alias
1559 1047 1626 1081 est

80 1108 237 1149 inutile
260 1108 303 1148 in
327 1114 500 1157 natura,
521 1121 624 1148 nam
650 1108 769 1149 nulla
792 1109 975 1162 negacio
997 1115 1065 1151 est
1088 1124 1220 1151 causa
1242 1110 1562 1151 affirmacionis.

23 1189 60 1221 15
140 1177 215 1217 Ex
243 1177 328 1217 hiis
358 1177 489 1230 igitur
511 1178 714 1230 predictis
737 1178 912 1218 videtur
933 1179 1052 1232 quod
1083 1179 1249 1232 posicio
1272 1179 1536 1220 naturalium
1560 1184 1626 1220 est

80 1246 310 1297 difficilior,
333 1252 376 1286 et
398 1246 477 1286 fuit
499 1245 700 1299 neglecta
723 1259 862 1300 usque
884 1248 941 1287 ad
971 1253 1146 1302 tempus
1168 1248 1395 1302 Averroys
1424 1255 1467 1289 et
1488 1248 1628 1301 Alpe-

80 1315 221 1368 tragii‚
253 1315 351 1355 ideo
383 1327 470 1354 non
505 1321 570 1355 est
602 1315 748 1355 adhuc
780 1315 1048 1357 sufficienter
1078 1316 1327 1370 explanata,
1359 1330 1438 1358 nec
1471 1317 1628 1357 instru-

82 1390 232 1425 menta
268 1391 310 1424 et
343 1396 533 1424 canones
559 1389 603 1423 et
634 1383 786 1425 tabule
822 1384 1101 1425 inveniuntur
1131 1385 1186 1425 ad
1218 1385 1302 1426 hoc
1334 1386 1538 1426 constitui
1571 1386 1627 1426 ad

81 1452 448 1494 certificacionem
472 1451 708 1505 posicionis
740 1452 1020 1493 naturalium.
1074 1454 1170 1494 Nec
1197 1454 1372 1503 mirum,
1393 1468 1491 1494 cum
1515 1468 1628 1495 unus

23 1536 63 1558 20
82 1523 138 1563 de
158 1521 402 1573 astrologis,
424 1520 586 1561 scilicet
608 1520 863 1575 Albategni‚
882 1522 1000 1563 dicat
1023 1522 1141 1575 quod
1165 1523 1374 1576 possibile
1397 1529 1462 1564 est
1485 1523 1629 1564 adhuc

81 1590 271 1644 aliquem
306 1596 476 1630 motum
500 1589 635 1631 latere
665 1590 956 1644 philosophos
986 1604 1141 1632 omnes
1170 1598 1349 1646 propter
1380 1592 1629 1634 evidentem

59 1667 62 1672 '
83 1659 440 1700 contrarietatem
464 1659 576 1699 inter
598 1672 683 1699 eos.

143 1728 332 1782 Objecta
359 1729 492 1781 igitur
513 1734 693 1781 propter
721 1729 889 1770 radices
922 1729 1150 1783 Averroys
1172 1736 1215 1770 et
1244 1729 1496 1785 Alpetragii
1518 1730 1627 1771 solvi

82 1798 258 1847 debent,
276 1803 320 1838 et
337 1797 544 1838 lectorem
561 1798 837 1849 presencium
854 1799 911 1839 ad
929 1799 1175 1840 sentencias
1192 1812 1344 1840 eorum
1362 1800 1630 1848 transmitto,

24 1881 62 1915 25
83 1872 126 1907 et
144 1866 351 1920 precipue
365 1865 421 1906 ad
438 1864 596 1905 librum
607 1864 859 1919 Alpetragii
878 1873 1057 1921 propter
1072 1867 1246 1921 copiam
1264 1869 1628 1921 sermonis,quem

82 1948 166 1987 ego
187 1934 257 1975 hic
280 1948 331 1974 ea
354 1947 440 1974 non
465 1947 645 1986 possem
669 1935 888 1976 brevitate
911 1949 999 1989 qua
1021 1943 1126 1978 tunc
1150 1937 1366 1990 competit
1388 1937 1627 1990 explicare.

84 2002 218 2056 Quod
227 2003 261 2042 si
271 2002 338 2043 hic
353 2002 487 2051 fieret,
497 2008 719 2055 oporteret
734 2003 893 2044 librum
904 2005 997 2058 ejus
1010 2005 1080 2046 hic
1096 2005 1366 2057 inseri‚quod
1386 2019 1474 2046 non
1488 2006 1629 2047 decet.

142 2071 383 2113 Sciendum
425 2077 489 2112 est
532 2077 681 2112 tamen
734 2073 968 2125 diligenter
1008 2074 1129 2126 quod
1182 2074 1282 2114 licet
1325 2075 1481 2115 modus
1522 2088 1629 2129 pure

84 2139 499 2181 mathematicorum
533 2140 607 2192 qui
641 2140 782 2181 sciunt
816 2141 1030 2182 naturalia
1066 2141 1121 2183 sit
1148 2140 1152 2196 Ι
1183 2142 1378 2183 diversus
1412 2150 1627 2196 quantum

23 2224 65 2256 30
84 2210 139 2250 ad
169 2209 430 2250 solvendum
459 2209 723 2262 apparencia
750 2210 793 2250 in
825 2209 1073 2263 celestibus,
1095 2217 1245 2252 tamen
1278 2225 1413 2252 unum
1443 2218 1487 2252 et
1510 2212 1629 2253 idem

84 2278 316 2319 intendunt
345 2291 512 2329 omnes,
543 2278 647 2319 licet
672 2292 750 2332 per
782 2279 875 2320 vias
907 2279 1116 2330 diversas,
1147 2280 1324 2331 scilicet,
1357 2280 1454 2321 loca
1482 2281 1631 2333 plane-

84 2354 228 2388 tarum
246 2353 290 2387 et
307 2346 534 2387 stellarum
559 2353 758 2400 respectu
782 2348 960 2396 zodiaci,
978 2349 1095 2389 unde
1117 2348 1481 2403 qualitercunque
1504 2350 1547 2390 in
1561 2351 1631 2391 via

84 2415 348 2466 discordent,
369 2422 521 2456 tamen
538 2429 673 2456 unum
691 2415 823 2456 finem
847 2423 891 2458 et
911 2417 1149 2458 terminum
1168 2418 1436 2460 concludunt
1450 2418 1518 2459 vie
1539 2432 1629 2460 sue.

143 2483 394 2525 Ptholomei
417 2485 550 2538 igitur
575 2491 620 2527 et
648 2499 755 2538 pure
785 2486 1199 2527 mathematicorum
1229 2488 1525 2529 consideracio
1553 2495 1632 2538 est,

25 2571 64 2604 35
85 2566 135 2595 ac
163 2554 197 2593 si
219 2553 377 2606 aliquis
398 2553 440 2594 in
469 2567 580 2595 nave
613 2561 741 2608 rapta
766 2554 948 2595 flumine
987 2562 1236 2597 moveretur
1267 2557 1550 2605 circulariter,
1587 2563 1631 2597 et

85 2623 120 2663 si
143 2623 265 2663 navis
288 2622 555 2664 circulariter
577 2629 836 2674 moveretur,
861 2630 1034 2664 tantum
1057 2624 1225 2676 melius,
1242 2624 1344 2666 licet
1367 2639 1452 2665 non
1475 2625 1630 2665 eadem

83 2690 372 2734 circulacione
393 2704 472 2732 nec
494 2705 625 2746 super
646 2693 824 2733 eosdem
846 2691 974 2746 polos
997 2700 1197 2747 respectu
1220 2693 1353 2746 igitur
1373 2693 1566 2747 alicujus,
1582 2700 1630 2735 ut

118 2791 131 2811 1
150 2783 229 2813 oeli
237 2781 433 2823 etMundi]
444 2782 528 2822 i.44.
577 2783 639 2822 2,8
651 2782 908 2824 undecimum]
919 2783 996 2814 Met.
1007 2783 1065 2814 xii.
1075 2792 1116 2822 45
1126 2793 1207 2815 com.
1257 2793 1299 2814 20
1315 2784 1537 2826 Albategni]
1546 2784 1565 2816 f.
1577 2785 1630 2817 81,

1645 300 1706 332 130
1723 291 1744 322 b
1763 298 1791 322 1.

1650 2159 1712 2191 130
1730 2151 1752 2183 b
1771 2160 1800 2183 2.
