1945 3079
140 421 357 493 Incipit
388 423 597 490 quarta
623 423 774 492 pars
817 420 915 483 <de
951 438 1207 486 nemnem,
1244 421 1518 486 mombar&
1557 429 1775 477 etmax.

48 518 518 589 figuracz'om'bus
544 517 807 583 celorum,
834 518 1048 571 habens
1072 519 1327 590 capitula
1355 519 1591 580 decem).

132 670 379 725 Capitulum
393 671 592 724 primum
614 668 682 722 <de
704 671 899 712 metabus
919 671 1133 725 celorum).

128 775 258 816 Nunc
283 773 615 827 investigandus
652 779 717 814 est
754 787 960 814 numerus
1002 774 1194 815 celorum
1234 781 1278 816 et
1313 774 1611 817 verificandus.

33 861 51 893 5
71 844 188 885 Nam
211 843 246 884 si
268 843 415 896 aliqua
436 843 489 884 de
511 855 694 883 numero
715 841 909 884 celorum
932 847 975 883 et
992 841 1218 884 stellarum
1236 851 1338 885 sunt
1352 849 1471 885 tacta
1490 859 1498 883 :
1531 843 1615 885 hoc

71 912 150 953 fuit
172 918 353 966 propter
371 918 529 962 motus,
545 911 648 964 quia
663 924 750 951 non
774 917 956 964 possunt
980 918 1127 953 motus
1143 912 1356 954 verificari
1375 913 1453 954 nisi
1469 913 1616 967 aliqua

71 981 126 1023 de
153 994 336 1022 numero
358 980 585 1022 celestium
606 987 921 1034 supponantur,
944 994 1030 1034 que
1053 981 1164 1022 bene
1186 989 1393 1035 poterunt
1414 984 1616 1036 supponi,

71 1050 175 1104 quia
211 1049 381 1091 famosa
423 1056 524 1091 sunt
561 1050 680 1104 apud
714 1056 900 1091 autores,
964 1049 1043 1092 Set
1080 1064 1195 1091 nunc
1229 1050 1518 1093 verificandus
1550 1058 1617 1093 est

72 1132 279 1160 numerus
302 1119 494 1160 celorum
517 1125 561 1160 et
582 1118 823 1160 stellarum.
887 1118 1019 1173 Quod
1042 1120 1177 1174 igitur
1197 1120 1284 1162 sint
1306 1120 1435 1162 orbes
1457 1121 1617 1162 diversi

15 1206 55 1229 10
72 1189 320 1231 ostenditur
337 1202 415 1243 per
435 1188 706 1230 sentenciam
729 1188 927 1229 omniurn
944 1195 1036 1230 tarn
1052 1189 1464 1231 mathematicorum
1484 1204 1618 1244 quam

73 1257 339 1300 naturalium
362 1257 404 1298 in
422 1257 507 1299 hoc
534 1257 913 1299 concordancium.
978 1258 1093 1299 Item
1121 1272 1278 1311 corpus
1305 1259 1498 1312 simplex
1530 1273 1620 1302 non

73 1327 208 1369 habet
245 1326 325 1367 nisi
363 1340 499 1367 unum
532 1332 703 1367 motum
736 1326 981 1380 simplicem
1017 1327 1275 1369 naturaliter
1306 1329 1548 1383 proprium,
1571 1336 1620 1370 ut

73 1395 341 1438 Aristoteles
383 1395 490 1436 dicit
531 1395 677 1449 primo
718 1393 810 1436 Celz‘
841 1401 885 1435 et
914 1395 1088 1436 Mundi
1117 1402 1161 1437 et
1198 1396 1394 1438 verificat
1422 1397 1506 1438 hoc
1544 1412 1622 1451 per

75 1464 304 1507 elementa.
367 1463 445 1505 Set
481 1463 621 1505 celum
660 1469 725 1504 est
757 1464 997 1516 simplicius
1029 1465 1263 1516 elemento,
1297 1479 1402 1519 ergo
1436 1466 1473 1506 si
1510 1472 1624 1508 esset

19 1550 58 1583 15
76 1539 250 1575 tantum
281 1546 417 1574 unum
442 1531 599 1583 celum,
620 1545 707 1573 non
735 1531 920 1575 haberet
951 1533 1031 1574 nisi
1056 1547 1192 1575 unum
1226 1541 1410 1576 motum.
1474 1533 1553 1577 Set
1582 1535 1624 1575 in

78 1601 312 1644 celestibus
334 1608 435 1643 sunt
457 1601 583 1643 multi
608 1608 753 1643 motus
774 1602 905 1644 valde
926 1603 1097 1645 diversi.

88 1663 92 1666 ⁴
138 1672 252 1713 Item
275 1670 541 1713 Aristoteles
564 1671 672 1712 dicit
695 1671 851 1725 quinto
878 1671 1192 1724 Mellzaplzz'sice
1223 1674 1342 1726 quod
1364 1674 1622 1715 continuum

78 1746 144 1782 est
165 1740 288 1794 cujus
310 1746 376 1781 est
400 1746 548 1782 motus
569 1740 712 1781 tocius
734 1746 777 1781 et
799 1741 996 1794 parcium
1029 1741 1072 1781 in
1107 1754 1194 1782 uno
1223 1748 1267 1783 et
1296 1744 1452 1784 eodem
1481 1740 1486 1797 Ι
1513 1749 1624 1783 tem-

78 1823 197 1864 pore,
219 1824 323 1864 ergo
345 1823 445 1851 curn
468 1816 669 1864 tempora
692 1809 912 1863 inequalia
926 1810 1013 1851 sint
1036 1810 1079 1850 in
1102 1811 1312 1852 motubus
1327 1810 1561 1852 celestibus
1583 1818 1627 1852 et

21 1896 62 1919 20
80 1892 242 1932 magna
273 1877 535 1932 inequalitas
568 1884 634 1920 est
666 1877 709 1918 in
740 1878 800 1919 eis
832 1892 967 1932 penes
998 1879 1192 1921 velocius
1225 1885 1269 1920 et
1298 1880 1464 1921 tardius
1487 1881 1530 1921 in
1563 1880 1629 1921 di-

77 1948 214 1989 versis
245 1946 534 2001 temporibus,
567 1953 615 1989 ut
646 1953 770 2001 patet
803 1962 861 1990 ex
889 1947 1028 1998 dictis,
1063 1947 1346 1991 manifestum
1375 1954 1441 1990 est
1470 1962 1628 2002 corpus

80 2029 217 2057 unum
243 2030 338 2057 esse
360 2029 446 2057 non
468 2029 610 2070 posse.

141 2086 256 2126 Item
279 2086 314 2126 si
336 2098 425 2126 non
459 2091 604 2126 essent
627 2085 755 2127 orbes
778 2086 937 2127 diversi
967 2087 1363 2140 correspondentes
1387 2088 1629 2129 diversitati

83 2161 286 2196 motuum
319 2155 362 2195 in
396 2153 503 2205 celo,
536 2160 604 2195 set
636 2167 747 2195 unus
779 2155 927 2206 orbis;
972 2161 1148 2209 oportet
1180 2169 1345 2210 ponere
1375 2157 1630 2211 hujusmodi

24 2241 63 2273 25
84 2230 230 2265 motus
251 2222 344 2264 fieri
367 2228 549 2277 propter
570 2223 719 2265 stellas
742 2230 897 2273 motas,
923 2238 1009 2278 que
1035 2225 1206 2266 diverse
1234 2231 1336 2266 sunt
1367 2239 1561 2277 numero,
1583 2230 1632 2266 ut

83 2292 260 2346 planete
279 2306 288 2344 ;
321 2298 389 2334 set
411 2297 515 2333 tunc
545 2291 673 2333 stella
695 2298 898 2333 movetur
927 2299 1051 2334 motu
1074 2306 1154 2334 suo
1177 2294 1270 2335 sine
1291 2300 1413 2336 motu
1437 2294 1565 2342 orbis,
1589 2300 1632 2335 et

83 2361 167 2403 hoc
200 2361 467 2402 Aristoteles
499 2368 633 2415 negat
662 2367 705 2403 et
732 2362 938 2417 reprobat
964 2364 1156 2404 secundo
1194 2360 1286 2404 Celz‘
1311 2371 1355 2405 et
1373 2362 1554 2413 Mundi,
1576 2364 1633 2404 de

85 2444 174 2484 quo
207 2430 250 2470 in
279 2431 565 2483 sequentibus
595 2430 669 2472 fiet
699 2432 1011 2472 consideracio.
1074 2432 1134 2473 Et
1164 2432 1263 2472 ideo
1296 2432 1491 2485 sequitur
1512 2433 1632 2486 quod

85 2505 235 2540 motus
263 2499 306 2540 in
339 2498 441 2540 celis
471 2512 559 2540 non
583 2499 824 2541 ascribetur
854 2499 989 2541 stellis
1021 2513 1100 2554 per
1120 2514 1166 2541 se
1196 2501 1342 2553 motis,
1366 2506 1432 2543 set
1454 2501 1634 2543 orbibus

133 2632 173 2662 13
196 2625 278 2655 Geli
294 2627 332 2655 et
347 2623 502 2664 Mundi]
520 2623 540 2656 i.
559 2633 588 2662 7.
698 2633 736 2662 17
762 2623 1056 2665 Methaphisiee]
1073 2634 1104 2655 v.
1124 2624 1154 2656 8.
1261 2634 1301 2664 27
1327 2627 1408 2656 Geli
1426 2628 1464 2656 et
1480 2623 1637 2665 Mundi]

87 2675 120 2707 ii.
140 2676 192 2714 46.

133 2807 199 2848 5-6
222 2806 288 2837 hoc
305 2805 368 2837 suit
385 2810 525 2846 propter
542 2806 607 2837 iter.
627 2805 666 2835 M

824 2870 856 2901 D
879 2862 906 2902 d

1647 1753 1704 1776 111
1726 1754 1745 1775 a
1763 1753 1791 1774 2.
