1945 3079
832 116 913 163 357

104 234 168 271 e0‚
202 233 305 275 ergo
340 220 564 274 requirunt
598 219 784 274 figuram
818 227 980 263 rectam
1016 222 1058 263 in
1090 223 1247 276 quiete.
1313 223 1495 278 Propter
1525 223 1643 278 quod

104 289 342 331 dicendum
380 295 446 330 est
487 289 606 343 quod
646 302 830 344 corpora
865 290 1066 331 densiora
1104 291 1269 333 habent
1306 293 1566 334 naturaliter
1601 299 1645 334 et

102 358 246 411 primo
275 364 320 400 et
348 371 427 411 per
455 371 501 398 se
531 356 717 410 figuram
748 364 911 399 rectam
942 365 1156 412 quantum
1187 367 1254 402 est
1283 362 1338 402 de
1365 375 1410 403 se
1434 368 1477 402 et
1510 362 1642 403 situm

102 432 268 468 rectum
302 427 543 468 secundum
569 439 626 476 se,
650 433 694 468 et
725 427 1058 469 inclinacionem
1084 435 1246 470 rectam
1271 431 1327 471 ad
1349 430 1495 472 locum
1519 436 1562 472 et
1585 432 1640 472 ad

61 514 79 546 5
101 501 284 545 motum,
321 496 377 536 ad
415 508 549 549 quam
593 501 742 536 tamen
782 495 1116 538 inclinacionem
1155 498 1411 540 naturaliter
1447 500 1643 553 sequitur

100 563 240 618 figura
262 563 493 612 circularis,
517 570 561 605 et
585 564 682 605 ideo
705 565 964 605 secundario
988 565 1101 607 inest
1123 567 1183 607 eis
1210 564 1217 622 Ι
1245 568 1486 609 circulacio.
1660 575 1701 607 Ο.
1724 584 1764 606 20
1782 574 1813 607 b.

159 634 276 675 Nam
294 639 439 689 partes
457 639 570 674 terre
589 640 894 676 concurrentes
913 635 1023 675 circa
1040 642 1252 688 punctum
1272 650 1404 677 unum
1428 636 1471 677 in
1495 638 1641 679 medio

99 704 192 758 ejus
230 702 472 745 necessario
506 702 676 757 replent
708 709 852 744 totum
886 703 1031 745 locum
1065 704 1338 758 corporalem
1372 705 1484 747 circa
1517 706 1640 747 illum

70 798 74 801 —
98 779 324 826 punctum,
350 779 394 814 et
425 771 509 813 hoc
538 778 605 813 est
634 772 890 826 inpossibile
919 773 962 813 in
989 772 1137 826 aliqua
1167 773 1405 826 figurarum
1432 775 1575 829 primo
1598 783 1641 816 et

40 858 78 880 ιο
98 840 395 895 principaliter
426 841 508 881 nisi
540 841 583 881 in
617 841 780 891 cubica,
804 841 907 894 quia
936 841 1010 882 illa
1037 848 1102 883 est
1129 855 1214 895 que
1240 849 1343 884 nata
1375 849 1442 884 est
1474 844 1641 896 replere

97 909 241 951 locum
276 910 432 964 primo,
455 916 502 951 ut
533 916 760 951 ostensum
795 915 860 951 est
893 910 936 950 in
969 911 1173 964 practicis
1204 912 1458 965 geometrie.
1523 912 1583 954 Et
1605 913 1640 953 si

96 992 183 1032 qua
205 979 289 1020 alia
312 985 379 1020 est
402 978 482 1020 hec
503 978 638 1020 habet
662 978 795 1020 talem
819 979 1139 1034 proprietatem
1163 994 1221 1021 ex
1242 980 1326 1021 hoc
1348 982 1468 1034 quod
1491 982 1639 1036 anguli

96 1049 189 1103 ejus
206 1055 384 1102 possent
398 1047 544 1089 valere
562 1048 747 1102 angulos
764 1049 992 1100 cuborum,
1008 1054 1055 1090 ut
1074 1049 1217 1103 patuit
1236 1050 1276 1090 in
1291 1051 1640 1103 precedentibus,

94 1124 138 1159 et
171 1118 272 1160 ideo
304 1123 400 1159 tota
432 1117 513 1158 hec
545 1116 733 1170 replecio
765 1117 947 1158 refertur
978 1118 1121 1172 primo
1153 1120 1209 1160 ad
1242 1120 1393 1160 cubos.
1456 1120 1514 1160 Et
1537 1120 1640 1173 quia

35 1202 74 1234 ¹5
95 1194 252 1229 natura
284 1186 419 1241 elegit
453 1187 572 1240 quod
612 1186 768 1227 melius
800 1193 878 1235 est,
909 1187 1087 1228 videtur
1120 1187 1262 1242 prima
1300 1187 1409 1229 facie
1445 1195 1490 1230 et
1531 1189 1638 1230 satis

93 1256 382 1310 probabiliter
399 1257 517 1309 quod
534 1262 690 1296 natura
704 1256 875 1297 dederit
889 1256 1087 1310 partibus
1106 1262 1218 1297 terre
1234 1257 1420 1311 figuram
1437 1259 1636 1299 cubicam

94 1324 383 1378 relinquendo
406 1325 535 1366 aliam
560 1325 747 1379 figuram
770 1326 973 1378 quamvis
996 1326 1136 1378 possit
1160 1326 1304 1366 locum
1332 1327 1498 1380 replere
1521 1329 1637 1368 unde

93 1400 188 1435 tota
205 1401 319 1435 terra
337 1394 476 1435 divisa
493 1394 734 1435 secundum
753 1400 853 1435 octo
870 1394 1005 1435 cubos
1024 1394 1167 1435 locum
1191 1394 1329 1449 replet
1351 1397 1637 1449 corporaliter

93 1463 207 1504 circa
224 1469 425 1504 centrum
443 1476 570 1504 suum
589 1470 633 1505 et
650 1469 852 1504 centrum
877 1464 1039 1513 mundi,
1057 1469 1099 1504 et
1122 1463 1234 1505 hanc
1253 1463 1439 1517 figuram
1462 1478 1635 1520 semper

34 1547 73 1569 20
93 1533 281 1574 retinent
318 1538 468 1586 partes
505 1538 619 1573 terre
650 1533 890 1574 secundum
925 1531 1178 1587 superficies
1215 1533 1455 1574 interiores.
1517 1535 1634 1575 Nam

81 1601 287 1655 ,quelibet
316 1601 498 1642 istarum
522 1608 623 1642 octo
646 1601 780 1642 habet
803 1615 976 1655 semper
997 1608 1085 1643 tres
1108 1601 1360 1655 superficies
1382 1604 1634 1656 quadratas,

92 1677 137 1712 et
159 1670 404 1712 exteriores
421 1669 622 1712 similiter
638 1677 741 1712 nate
769 1676 870 1711 sunt
891 1671 1053 1711 habere
1076 1677 1119 1712 et
1142 1671 1365 1723 haberent,
1389 1672 1469 1711 nisi
1493 1672 1630 1714 fortes

91 1740 286 1782 raciones
304 1740 347 1780 in
365 1739 633 1781 contrarium
651 1739 955 1793 contingerent
970 1740 1073 1794 quia
1091 1740 1133 1779 in
1149 1739 1355 1794 operibus
1371 1746 1524 1782 nature
1542 1754 1628 1782 non

91 1816 157 1851 est
179 1808 443 1863 inperfeccio
465 1824 472 1859 ;
506 1814 549 1850 et
572 1809 673 1850 ideo
698 1809 812 1850 sicut
836 1809 988 1862 incipit
1011 1810 1053 1849 in
1077 1809 1274 1862 partibus
1297 1815 1409 1850 terre
1432 1811 1632 1852 cubicam

31 1892 68 1924 25
89 1878 274 1934 figuram
290 1879 482 1928 interius,
500 1878 742 1933 compleret
761 1878 955 1919 exterius
975 1878 1056 1919 nisi
1072 1885 1252 1933 propter
1270 1879 1424 1920 melius
1441 1880 1634 1921 debeant

89 1949 338 1989 immutare.
402 1947 463 1988 Et
495 1947 594 1988 ideo
626 1954 741 1989 terra
772 1948 1013 1988 secundum
1046 1961 1091 1988 se
1123 1947 1400 1989 considerata
1432 1956 1628 2002 respectu

87 2023 242 2058 nature
275 2022 319 2058 et
351 2022 552 2069 respectu
586 2015 770 2057 aliarum
803 2029 1031 2057 causarum
1059 2016 1345 2058 dicendarum
1376 2018 1630 2059 naturaliter

85 2087 220 2128 debet
251 2085 413 2126 habere
444 2083 629 2140 figuram
661 2085 861 2127 cubicam
895 2085 937 2125 in
966 2083 973 2140 1
1000 2085 1197 2139 partibus
1231 2086 1333 2139 suis,
1367 2093 1411 2128 et
1443 2086 1630 2140 replebit
1656 2104 1754 2137 104a
1773 2105 1801 2128 1.

84 2155 266 2197 interius
293 2160 336 2196 et
368 2154 576 2195 exterius.
642 2154 739 2194 Erit
768 2154 901 2207 igitur
933 2154 1178 2196 necessario
1211 2155 1255 2195 in
1287 2155 1485 2208 partibus
1515 2162 1627 2197 terre

25 2236 66 2268 30
85 2224 224 2279 figura
261 2222 434 2277 replens
471 2223 617 2264 locum
656 2230 699 2264 et
736 2224 840 2276 quia
877 2223 1127 2277 principalis
1170 2224 1212 2264 in
1253 2224 1337 2265 hoc
1374 2230 1439 2265 est
1476 2226 1628 2275 cubus,

83 2292 342 2335 sustinendo
371 2292 456 2334 hoc
486 2292 630 2346 primo
656 2306 734 2347 per
760 2293 981 2333 racionem
1008 2292 1122 2334 cubi.
1185 2292 1237 2332 In
1259 2292 1345 2334 fine
1368 2294 1483 2334 enim
1506 2295 1627 2335 vide-

84 2363 203 2405 bitur
230 2362 265 2403 si
294 2361 426 2402 aliam
460 2368 664 2415 oporteat
693 2360 878 2415 figuram
909 2361 1013 2402 dare
1041 2374 1126 2414 que
1155 2360 1300 2403 locum
1333 2362 1515 2416 repleat,
1542 2377 1627 2416 que

81 2432 117 2472 si
151 2432 290 2481 detur,
322 2444 409 2472 non
442 2430 706 2485 repugnabit
748 2431 976 2485 proposito
1009 2430 1238 2483 principali
1276 2445 1365 2484 quo
1401 2432 1628 2485 querimus

114 2545 143 2569 '1
170 2537 364 2578 requirunt]
384 2537 526 2577 requirit
545 2535 584 2567 M
805 2547 825 2568 2
849 2536 1025 2578 densiora]
1043 2536 1213 2568 elementa
1232 2537 1262 2568 Ο
1484 2539 1535 2580 et]
1553 2550 1572 2570 a
1588 2539 1632 2570 M

85 2599 190 2621 11—12
215 2589 259 2621 Et
276 2613 283 2620 .
304 2614 311 2621 .
330 2614 338 2622 .
355 2594 408 2621 est
424 2600 491 2620 om.
510 2588 553 2619 M
650 2598 689 2629 15
713 2588 810 2630 satis]
829 2589 909 2620 facit
925 2588 968 2618 M
1068 2590 1108 2619 16
1131 2589 1281 2631 dederit]
1301 2589 1359 2620 det
1378 2589 1409 2620 Ο
1512 2600 1549 2630 17
1575 2601 1626 2622 re-

81 2641 285 2683 linquendo]
303 2640 488 2681 relinquam
509 2640 540 2671 O
720 2642 759 2672 18
784 2640 911 2682 replet]
930 2639 1052 2680 implet
1071 2639 1102 2671 Ο
1281 2651 1320 2671 21
1347 2651 1485 2682 semper
1501 2652 1568 2673 om.
1588 2642 1631 2672 M

81 2703 123 2723 22
148 2693 330 2734 haberent]
348 2693 476 2724 habent
494 2692 537 2723 M
601 2691 724 2733 sortes]
742 2693 904 2724 forciores
924 2693 955 2723 O
1055 2702 1096 2731 27
1121 2692 1172 2734 et]
1191 2703 1254 2724 nec
1274 2693 1304 2723 O
1394 2694 1436 2724 28
1462 2694 1625 2736 replebit]

80 2745 114 2776 in
128 2749 200 2777 toto
215 2744 246 2776 Ο
358 2755 400 2785 29
425 2744 622 2776 necessario
636 2755 701 2777 om.
721 2744 752 2775 O
877 2754 919 2784 30
937 2744 1062 2786 figura]
1078 2744 1185 2784 figura
1199 2744 1311 2784 aliqua
1327 2744 1358 2776 Ο
1493 2755 1532 2785 3¹
1552 2756 1626 2777 sus-

81 2796 237 2838 tinendo]
253 2797 432 2829 sustinebo
448 2797 478 2828 Ο
