1945 3079
812 149 893 191 417

83 251 217 293 cubiti
236 251 458 293 excedunt
477 255 680 292 octavam
698 251 790 304 ejus
811 253 853 293 in
871 266 956 293 una
971 254 1322 308 quingentesima
1336 261 1504 308 quarta.
1569 255 1629 294 Et

84 320 118 361 si
160 320 526 374 triplicaverimus
557 320 837 373 dyametrum
871 321 982 363 hanc
1030 323 1155 373 6,5oo
1187 329 1229 363 et
1262 323 1355 376 ejus
1396 324 1629 377 septimam

85 389 398 438 addiderimus,
442 388 676 429 habebitur
717 389 1071 431 circumferencia
1114 392 1255 432 tocius
1299 399 1422 442 terre,
1464 399 1508 433 et
1549 393 1630 432 erit

84 457 251 512 precise
274 456 429 507 20‚428
450 456 633 498 miliaria
650 463 693 497 et
717 459 842 509 2,285
866 460 1000 500 cubiti
1023 466 1067 500 et
1082 460 1275 513 quinque
1296 461 1483 514 septime
1506 461 1632 501 unius

49 545 66 577 5
85 526 234 567 cubiti.
284 526 422 566 Penes
445 525 552 566 alias
571 524 809 567 fracciones
832 527 912 567 erit
932 541 1137 568 numerus
1161 528 1231 569 hic
1256 529 1407 578 20,418
1434 530 1634 579 miliaria,

86 601 130 636 et
162 601 352 648 quatuor
387 595 574 648 septime
618 595 744 635 unius
788 596 974 636 miliarii.
1031 596 1089 637 Et
1128 598 1369 638 secundum
1412 598 1495 639 hoc
1537 604 1634 639 tota

87 669 200 705 terre
221 663 470 717 superficies
495 664 578 704 erit
604 664 948 719 132,6<0>o,ooo
972 665 1166 707 miliaria.

148 731 526 773 Considerandum
562 739 627 773 est
661 733 792 786 igitur
822 747 879 773 ex
916 734 997 775 hiis
1035 735 1317 788 preeuntibus
1351 735 1471 788 quod
1502 736 1634 788 juxta

89 801 281 842 radicem
314 802 507 855 positam
540 801 597 841 ab
629 801 875 856 Alfragano
909 803 981 843 uni
1011 803 1166 856 gradui
1196 804 1239 843 in
1266 804 1360 844 celo
1393 805 1634 844 secundum

33 887 71 910 ιο
88 871 206 924 quod
237 871 434 912 continet
465 871 521 924 56
557 870 742 911 miliaria
774 878 817 912 et
852 872 961 913 duas
989 872 1144 913 tercias
1175 873 1312 923 unius,
1346 872 1458 913 bene
1489 874 1636 927 posuit

89 940 406 980 rotunditatem
439 940 580 981 tocius
613 946 726 981 terre
757 941 800 981 in
835 952 990 992 20‚400
1024 941 1200 983 milibus
1234 942 1530 993 miliariorum,
1553 942 1634 982 nisi

89 1009 209 1063 quod
228 1009 376 1050 omisit
398 1009 508 1049 duas
530 1010 742 1063 septimas
769 1010 909 1051 unius.
972 1010 1049 1052 Set
1079 1011 1122 1051 in
1152 1013 1400 1064 quantitate
1430 1012 1635 1053 diametri

90 1079 345 1121 discordant
367 1079 423 1119 ab
445 1078 528 1119 hiis
549 1078 591 1118 in
616 1092 639 1132 9
664 1078 919 1120 miliaribus.
989 1079 1102 1121 Cum
1126 1081 1257 1134 igitur
1279 1095 1357 1134 per
1387 1095 1635 1122 mensuram

91 1147 221 1200 hujus
260 1147 573 1188 semidiametri
612 1162 698 1201 que
727 1149 923 1190 continet
956 1160 1094 1203 3250,
1140 1150 1297 1191 doceat
1341 1155 1414 1192 210
1443 1149 1636 1202 capitulo

35 1230 73 1263 15
92 1216 332 1258 mensurari
353 1217 607 1269 dyametros
629 1217 802 1258 orbium
824 1223 868 1258 et
897 1218 1133 1259 distancias
1155 1219 1335 1271 augium
1363 1225 1407 1259 et
1430 1219 1637 1272 opposita

92 1299 252 1334 earum,
274 1291 451 1338 oportet
473 1286 591 1338 quod
612 1299 761 1327 veram
785 1287 1078 1340 quantitatem
1097 1288 1410 1328 semidiametri
1434 1288 1636 1340 accipiat.

93 1356 212 1396 Nam
235 1354 360 1396 aliter
380 1354 595 1395 accideret
617 1369 736 1396 error
758 1355 801 1395 in
824 1355 1047 1397 distanciis
1070 1356 1263 1409 augium,
1286 1371 1337 1397 eo
1360 1357 1478 1409 quod
1502 1371 1636 1409 quan-

92 1424 198 1465 titas
226 1423 539 1464 semidiametri
568 1429 682 1464 terre
713 1423 971 1465 multociens
997 1424 1207 1478 replicata
1238 1424 1397 1465 faceret
1427 1438 1637 1478 magnum

95 1505 283 1533 errorem
307 1492 350 1531 in
376 1491 460 1532 illis
490 1491 727 1544 distanciis‚
749 1493 827 1532 nisi
860 1493 1027 1545 precise
1055 1499 1309 1534 sumeretur.
1372 1493 1484 1535 Cum
1507 1494 1640 1546 igitur

38 1578 78 1600 20
97 1559 323 1601 fatendum
342 1566 408 1601 est
424 1559 545 1601 Alfra
555 1574 719 1615 ganum
738 1562 985 1615 percepisse
1001 1562 1115 1603 hunc
1138 1575 1340 1610 errorem,
1359 1562 1638 1603 manifestum

88 1635 163 1687 'est
194 1629 314 1682 quod
347 1630 441 1683 ipse
472 1630 640 1684 accepit
671 1644 817 1671 veram
850 1631 1164 1672 semidiametri
1192 1630 1196 1685 Ι
1226 1632 1533 1684 quantitatem,
1557 1631 1638 1672 sci-

97 1698 211 1748 licet,
234 1709 299 1753 3,2
303 1707 369 1751 50,
392 1704 437 1739 et
457 1712 606 1739 veram
625 1699 906 1749 diametrum,
924 1699 1098 1749 scilicet,
1120 1700 1157 1748 6,
1161 1709 1256 1753 500.
1320 1700 1441 1753 Ergo
1463 1706 1640 1754 oportet

97 1768 216 1821 quod
238 1773 460 1821 supponat
484 1767 675 1808 radicem
696 1782 845 1808 veram
869 1774 913 1809 et
938 1768 1220 1821 completam,
1242 1782 1328 1822 que
1353 1776 1419 1810 est
1442 1770 1486 1809 in
1507 1782 1640 1822 quan-

98 1837 226 1878 titate
248 1849 372 1877 arcus
394 1842 507 1877 terre
530 1843 728 1890 respectu
750 1837 911 1890 gradus
935 1837 1027 1886 celi,
1057 1837 1156 1878 licet
1178 1851 1265 1878 non
1294 1838 1516 1890 exprimat
1542 1852 1640 1878 eam

41 1928 79 1960 ²5
99 1905 301 1959 perfecte.
356 1904 745 1958 Quapropteripse
767 1907 977 1959 supponit
995 1906 1112 1959 quod
1129 1906 1183 1946 sit
1200 1907 1255 1959 56
1272 1907 1466 1956 miliaria,
1496 1913 1539 1947 et
1558 1908 1644 1948 due

99 1975 232 2016 tercie
251 1973 429 2014 miliaris
444 1974 583 2024 unius,
601 1980 644 2014 et
659 1980 828 2027 septem
848 1975 1145 2028 nonagesime,
1163 1982 1206 2016 et
1224 1989 1310 2016 una
1324 1977 1643 2017 sexcentesima

99 2043 332 2093 tricesima,
352 2043 421 2084 vel
454 2043 509 2095 56
543 2043 727 2084 miliaria
757 2050 800 2084 et
835 2042 958 2097 2984
988 2044 1136 2095 cubiti,
1159 2051 1203 2085 et
1233 2045 1428 2098 quinque
1456 2046 1644 2098 septime

101 2113 228 2153 unius
248 2112 398 2152 cubiti.
462 2112 521 2152 Et
554 2113 664 2160 ideo,
697 2113 731 2153 si
763 2113 860 2166 quis
892 2113 1003 2154 bene
1034 2113 1290 2162 consideret,
1318 2114 1410 2167 ipse
1443 2121 1642 2167 respectu

101 2182 320 2234 dyametri
344 2188 387 2222 et
415 2181 742 2233 semidiametri,
765 2181 924 2234 quibus
954 2182 1091 2222 utitur
1117 2183 1160 2222 in
1186 2182 1267 2223 hac
1291 2183 1450 2233 radice,
1472 2197 1557 2235 que
1580 2188 1644 2223 est

44 2270 85 2301 30
102 2250 324 2304 quantitas
357 2264 482 2291 arcus
516 2256 629 2291 terre
661 2258 860 2305 respectu
883 2252 1046 2304 gradus
1075 2252 1117 2291 in
1149 2251 1253 2300 celo,
1276 2252 1442 2292 omittit
1465 2262 1520 2303 50
1542 2266 1644 2292 sex-

102 2320 377 2368 centesimas,
410 2320 655 2360 tricesimas
687 2321 814 2360 unius
839 2319 1023 2372 miliarii,
1046 2320 1137 2361 sive
1159 2321 1277 2374 quod
1309 2321 1424 2361 idem
1448 2327 1528 2373 est,
1560 2331 1642 2375 317

106 2387 291 2438 cubitos,
313 2388 493 2429 terciam
518 2388 668 2437 cubiti,
687 2394 731 2429 et
765 2388 788 2428 8
822 2389 1127 2443 sexagesimas
1159 2389 1311 2430 tercias
1339 2390 1465 2430 unius
1497 2390 1644 2432 cubiti.

110 2457 172 2498 Et
203 2456 304 2497 licet
336 2458 527 2498 radicem
560 2457 736 2510 plenam
769 2464 1003 2511 supponat,
1028 2463 1176 2498 tamen
1208 2457 1446 2500 fracciones
1477 2459 1646 2513 aliquas

105 2525 270 2566 omittit
300 2526 437 2578 gratis
469 2532 650 2580 propter
680 2526 848 2567 tedium
891 2540 1187 2576 numerorum,
1222 2527 1333 2568 sicut
1366 2528 1410 2568 in
1447 2529 1645 2568 rotundi-

46 2613 86 2646 35
105 2584 196 2635 tate
228 2601 339 2635 terre
370 2595 500 2648 juxta
542 2609 769 2637 numerum
812 2596 969 2637 radicis
1009 2610 1143 2649 quarn
1180 2597 1325 2650 posuit
1357 2598 1505 2639 omisit
1536 2599 1646 2638 duas

105 2663 316 2716 septimas
348 2665 471 2717 quasi
499 2664 623 2706 unius
655 2665 837 2705 miliarii.
915 2665 1052 2705 Moris
1087 2665 1203 2706 enim
1248 2673 1312 2707 est
1354 2666 1446 2718 ejus
1487 2667 1529 2707 in
1570 2681 1649 2708 suo

150 2771 172 2800 6
194 2770 374 2810 similarity
389 2770 473 2802 with
494 2770 555 2811 Op.
574 2771 656 2812 Maj.
677 2771 697 2810 i,
717 2782 748 2811 p.
769 2772 834 2802 226
850 2782 977 2803 ceases.
1153 2782 1192 2810 14
1217 2773 1477 2814 semidiametri]
1494 2774 1652 2806 semidia-

109 2826 253 2869 metrum
270 2821 312 2851 M
375 2831 476 2861 19—21
497 2822 580 2853 Cum
599 2823 724 2861 igitur.
744 2847 751 2854 .
772 2847 779 2854 .
800 2827 834 2854 to
853 2824 920 2854 end
933 2823 970 2854 os
983 2823 1100 2865 chap.]
1115 2823 1156 2856 cf.
1175 2824 1234 2864 Op.
1252 2825 1334 2857 Mat.
1352 2824 1372 2856 i.
1387 2834 1462 2865 225,
1483 2825 1504 2857 l.
1523 2827 1562 2856 16
1574 2836 1647 2867 sqq.

177 2900 290 2918 R.1³.1v
839 2879 906 2919 Ff

1664 1644 1721 1665 121
1742 1635 1763 1666 b
1783 1642 1809 1664 1.
