<?xml version="1.0" encoding="UTF-8"?>
<!DOCTYPE html PUBLIC "-//W3C//DTD XHTML 1.0 Transitional//EN"
    "http://www.w3.org/TR/xhtml1/DTD/xhtml1-transitional.dtd">
<html xmlns="http://www.w3.org/1999/xhtml" xml:lang="en" lang="en">
 <head>
  <title>
</title>
<meta http-equiv="Content-Type" content="text/html;charset=utf-8" />
  <meta name='ocr-system' content='tesseract 3.04.00' />
  <meta name='ocr-capabilities' content='ocr_page ocr_carea ocr_par ocr_line ocrx_word'/>
</head>
<body>
  <div class='ocr_page' id='page_1' title='image "./operahactenusine04baco_0060.png"; bbox 0 0 1945 3079; ppageno 0'>
   <div class='ocr_carea' id='block_1_1' title="bbox 1025 86 1110 141">
    <p class='ocr_par' dir='ltr' id='par_1_1' title="bbox 1025 86 1110 141">
     <span class='ocr_line' id='line_1_1' title="bbox 1025 86 1110 141; baseline -0.035 0"><span class='ocrx_word' id='word_1_1' title='bbox 1025 86 1110 141; x_wconf 84' lang='lat'>356</span> 
     </span>
    </p>
   </div>
   <div class='ocr_carea' id='block_1_2' title="bbox 102 200 1930 2347">
    <p class='ocr_par' dir='ltr' id='par_1_2' title="bbox 279 200 1876 814">
     <span class='ocr_line' id='line_1_2' title="bbox 290 200 1840 254; baseline 0.001 -12"><span class='ocrx_word' id='word_1_2' title='bbox 290 208 333 242; x_wconf 92' lang='lat' dir='ltr'>et</span> <span class='ocrx_word' id='word_1_3' title='bbox 371 202 455 242; x_wconf 92' lang='lat' dir='ltr'>hoc</span> <span class='ocrx_word' id='word_1_4' title='bbox 493 207 558 242; x_wconf 89' lang='lat' dir='ltr'>est</span> <span class='ocrx_word' id='word_1_5' title='bbox 593 201 713 254; x_wconf 89' lang='lat' dir='ltr'>quod</span> <span class='ocrx_word' id='word_1_6' title='bbox 748 200 912 242; x_wconf 89' lang='lat' dir='ltr'>habent</span> <span class='ocrx_word' id='word_1_7' title='bbox 948 200 1204 242; x_wconf 78' lang='lat' dir='ltr'>naturaliter</span> <span class='ocrx_word' id='word_1_8' title='bbox 1241 207 1383 244; x_wconf 86' lang='lat' dir='ltr'>rectas</span> <span class='ocrx_word' id='word_1_9' title='bbox 1418 202 1714 245; x_wconf 82' lang='lat' dir='ltr'>dimensiones</span> <span class='ocrx_word' id='word_1_10' title='bbox 1751 216 1840 245; x_wconf 91' lang='lat' dir='ltr'>non</span> 
     </span>
     <span class='ocr_line' id='line_1_3' title="bbox 290 270 1842 326; baseline 0.002 -16"><span class='ocrx_word' id='word_1_11' title='bbox 290 270 516 320; x_wconf 87' lang='lat' dir='ltr'>rotundas,</span> <span class='ocrx_word' id='word_1_12' title='bbox 538 284 641 325; x_wconf 87' lang='lat' dir='ltr'>ergo</span> <span class='ocrx_word' id='word_1_13' title='bbox 669 270 809 324; x_wconf 84' lang='lat' dir='ltr'>figura</span> <span class='ocrx_word' id='word_1_14' title='bbox 839 284 991 312; x_wconf 85' lang='lat' dir='ltr'>eorum</span> <span class='ocrx_word' id='word_1_15' title='bbox 1016 270 1228 312; x_wconf 89' lang='lat' dir='ltr'>naturalis</span> <span class='ocrx_word' id='word_1_16' title='bbox 1250 277 1316 313; x_wconf 91' lang='lat' dir='ltr'>est</span> <span class='ocrx_word' id='word_1_17' title='bbox 1342 278 1462 314; x_wconf 90' lang='lat' dir='ltr'>recta</span> <span class='ocrx_word' id='word_1_18' title='bbox 1484 279 1528 314; x_wconf 90' lang='lat' dir='ltr'>et</span> <span class='ocrx_word' id='word_1_19' title='bbox 1550 285 1638 313; x_wconf 90' lang='lat' dir='ltr'>non</span> <span class='ocrx_word' id='word_1_20' title='bbox 1660 272 1842 326; x_wconf 85' lang='lat' dir='ltr'>sperica,</span> 
     </span>
     <span class='ocr_line' id='line_1_4' title="bbox 287 339 1840 396; baseline 0.003 -16"><span class='ocrx_word' id='word_1_21' title='bbox 287 339 460 381; x_wconf 85' lang='lat' dir='ltr'>solebat</span> <span class='ocrx_word' id='word_1_22' title='bbox 492 340 579 381; x_wconf 92' lang='lat' dir='ltr'>dici</span> <span class='ocrx_word' id='word_1_23' title='bbox 613 340 732 394; x_wconf 92' lang='lat' dir='ltr'>quod</span> <span class='ocrx_word' id='word_1_24' title='bbox 766 353 852 381; x_wconf 90' lang='lat' dir='ltr'>non</span> <span class='ocrx_word' id='word_1_25' title='bbox 887 339 1046 381; x_wconf 89' lang='lat' dir='ltr'>dicitur</span> <span class='ocrx_word' id='word_1_26' title='bbox 1077 346 1196 382; x_wconf 92' lang='lat' dir='ltr'>recta</span> <span class='ocrx_word' id='word_1_27' title='bbox 1228 340 1309 381; x_wconf 90' lang='lat' dir='ltr'>nisi</span> <span class='ocrx_word' id='word_1_28' title='bbox 1341 347 1521 396; x_wconf 87' lang='lat' dir='ltr'>propter</span> <span class='ocrx_word' id='word_1_29' title='bbox 1552 342 1840 384; x_wconf 90' lang='lat' dir='ltr'>directionem</span> 
     </span>
     <span class='ocr_line' id='line_1_5' title="bbox 284 408 1839 466; baseline 0.002 -16"><span class='ocrx_word' id='word_1_30' title='bbox 284 408 467 463; x_wconf 88' lang='lat' dir='ltr'>alicujus</span> <span class='ocrx_word' id='word_1_31' title='bbox 498 409 674 451; x_wconf 88' lang='lat' dir='ltr'>virtutis</span> <span class='ocrx_word' id='word_1_32' title='bbox 706 409 1009 451; x_wconf 86' lang='lat' dir='ltr'>immaterialis</span> <span class='ocrx_word' id='word_1_33' title='bbox 1043 423 1068 450; x_wconf 88' lang='lat' dir='ltr'>a</span> <span class='ocrx_word' id='word_1_34' title='bbox 1100 409 1196 452; x_wconf 90' lang='lat' dir='ltr'>celo</span> <span class='ocrx_word' id='word_1_35' title='bbox 1227 424 1305 465; x_wconf 89' lang='lat' dir='ltr'>per</span> <span class='ocrx_word' id='word_1_36' title='bbox 1330 425 1485 453; x_wconf 90' lang='lat' dir='ltr'>omnes</span> <span class='ocrx_word' id='word_1_37' title='bbox 1510 418 1658 466; x_wconf 89' lang='lat' dir='ltr'>partes</span> <span class='ocrx_word' id='word_1_38' title='bbox 1685 412 1839 454; x_wconf 92' lang='lat' dir='ltr'>mundi</span> 
     </span>
     <span class='ocr_line' id='line_1_6' title="bbox 282 478 1876 534; baseline 0.002 -15"><span class='ocrx_word' id='word_1_39' title='bbox 282 493 421 533; x_wconf 89' lang='lat' dir='ltr'>usque</span> <span class='ocrx_word' id='word_1_40' title='bbox 438 480 493 521; x_wconf 91' lang='lat' dir='ltr'>ad</span> <span class='ocrx_word' id='word_1_41' title='bbox 513 480 976 528; x_wconf 90' lang='lat' dir='ltr'>centrum‚secundum</span> <span class='ocrx_word' id='word_1_42' title='bbox 993 478 1116 533; x_wconf 87' lang='lat' dir='ltr'>cujus</span> <span class='ocrx_word' id='word_1_43' title='bbox 1129 479 1424 522; x_wconf 90' lang='lat' dir='ltr'>direccionem</span> <span class='ocrx_word' id='word_1_44' title='bbox 1439 480 1604 523; x_wconf 85' lang='lat' dir='ltr'>habent</span> <span class='ocrx_word' id='word_1_45' title='bbox 1618 480 1839 523; x_wconf 87' lang='lat' dir='ltr'>elementa</span> <span class='ocrx_word' id='word_1_46' title='bbox 1858 501 1876 534; x_wconf 88' lang='lat'><em>5</em></span> 
     </span>
     <span class='ocr_line' id='line_1_7' title="bbox 282 548 1838 593; baseline 0.002 -4"><span class='ocrx_word' id='word_1_47' title='bbox 282 548 613 591; x_wconf 88' lang='lat' dir='ltr'>inclinacionem</span> <span class='ocrx_word' id='word_1_48' title='bbox 639 556 804 591; x_wconf 88' lang='lat' dir='ltr'>rectam</span> <span class='ocrx_word' id='word_1_49' title='bbox 827 549 884 591; x_wconf 92' lang='lat' dir='ltr'>ad</span> <span class='ocrx_word' id='word_1_50' title='bbox 907 555 1109 590; x_wconf 85' lang='lat' dir='ltr'>centrum</span> <span class='ocrx_word' id='word_1_51' title='bbox 1132 548 1201 590; x_wconf 92' lang='lat' dir='ltr'>vel</span> <span class='ocrx_word' id='word_1_52' title='bbox 1223 563 1249 591; x_wconf 92' lang='lat' dir='ltr'>a</span> <span class='ocrx_word' id='word_1_53' title='bbox 1272 555 1434 591; x_wconf 90' lang='lat' dir='ltr'>centro.</span> <span class='ocrx_word' id='word_1_54' title='bbox 1502 550 1625 592; x_wconf 90' lang='lat' dir='ltr'>Istud</span> <span class='ocrx_word' id='word_1_55' title='bbox 1652 559 1742 592; x_wconf 86' lang='lat' dir='ltr'>no&#39;n</span> <span class='ocrx_word' id='word_1_56' title='bbox 1771 557 1838 593; x_wconf 90' lang='lat' dir='ltr'>est</span> 
     </span>
     <span class='ocr_line' id='line_1_8' title="bbox 279 614 1838 673; baseline 0.001 -14"><span class='ocrx_word' id='word_1_57' title='bbox 279 619 361 659; x_wconf 89' lang='lat' dir='ltr'>nisi</span> <span class='ocrx_word' id='word_1_58' title='bbox 392 618 656 673; x_wconf 82' lang='lat' dir='ltr'>figmentum</span> <span class='ocrx_word' id='word_1_59' title='bbox 687 619 922 660; x_wconf 84' lang='lat' dir='ltr'>evasionis.</span> <span class='ocrx_word' id='word_1_60' title='bbox 986 619 1104 660; x_wconf 90' lang='lat' dir='ltr'>Nam</span> <span class='ocrx_word' id='word_1_61' title='bbox 1129 617 1399 660; x_wconf 90' lang='lat' dir='ltr'>Aristoteles</span> <span class='ocrx_word' id='word_1_62' title='bbox 1427 614 1473 661; x_wconf 85' lang='lat' dir='ltr'>et</span> <span class='ocrx_word' id='word_1_63' title='bbox 1496 618 1838 661; x_wconf 87' lang='lat' dir='ltr'>Commentator</span> 
     </span>
     <span class='ocr_line' id='line_1_9' title="bbox 279 687 1835 744; baseline 0.001 -16"><span class='ocrx_word' id='word_1_64' title='bbox 279 687 433 731; x_wconf 88' lang='lat' dir='ltr'>volunt</span> <span class='ocrx_word' id='word_1_65' title='bbox 465 689 586 743; x_wconf 90' lang='lat' dir='ltr'>quod</span> <span class='ocrx_word' id='word_1_66' title='bbox 616 688 812 731; x_wconf 80' lang='lat' dir='ltr'>habeant</span> <span class='ocrx_word' id='word_1_67' title='bbox 841 688 1100 731; x_wconf 87' lang='lat' dir='ltr'>naturaliter</span> <span class='ocrx_word' id='word_1_68' title='bbox 1133 694 1276 731; x_wconf 89' lang='lat' dir='ltr'>rectas</span> <span class='ocrx_word' id='word_1_69' title='bbox 1302 688 1602 731; x_wconf 89' lang='lat' dir='ltr'>dimensiones</span> <span class='ocrx_word' id='word_1_70' title='bbox 1628 704 1654 731; x_wconf 91' lang='lat' dir='ltr'>a</span> <span class='ocrx_word' id='word_1_71' title='bbox 1675 689 1835 744; x_wconf 88' lang='lat' dir='ltr'>quibus</span> 
     </span>
     <span class='ocr_line' id='line_1_10' title="bbox 279 758 864 814; baseline 0.002 -15"><span class='ocrx_word' id='word_1_72' title='bbox 279 764 484 800; x_wconf 83' lang='lat' dir='ltr'>causatur</span> <span class='ocrx_word' id='word_1_73' title='bbox 506 765 649 801; x_wconf 88' lang='lat' dir='ltr'>rectus</span> <span class='ocrx_word' id='word_1_74' title='bbox 673 764 831 800; x_wconf 85' lang='lat' dir='ltr'>motus.</span> <span class='ocrx_word' id='word_1_75' title='bbox 858 758 864 814; x_wconf 71' lang='lat' dir='ltr'>l</span> 
     </span>
    </p>

    <p class='ocr_par' dir='ltr' id='par_1_3' title="bbox 111 828 1898 1162">
     <span class='ocr_line' id='line_1_11' title="bbox 111 828 1898 883; baseline 0 -12"><span class='ocrx_word' id='word_1_76' title='bbox 111 839 152 871; x_wconf 93' lang='lat' dir='ltr'>O.</span> <span class='ocrx_word' id='word_1_77' title='bbox 173 848 212 871; x_wconf 85' lang='lat'>20</span> <span class='ocrx_word' id='word_1_78' title='bbox 229 851 260 872; x_wconf 80' lang='lat' dir='ltr'>a.</span> <span class='ocrx_word' id='word_1_79' title='bbox 342 829 516 870; x_wconf 88' lang='lat' dir='ltr'>Deinde</span> <span class='ocrx_word' id='word_1_80' title='bbox 557 829 636 870; x_wconf 91' lang='lat' dir='ltr'>hec</span> <span class='ocrx_word' id='word_1_81' title='bbox 677 828 816 869; x_wconf 88' lang='lat' dir='ltr'>virtus</span> <span class='ocrx_word' id='word_1_82' title='bbox 859 828 1165 870; x_wconf 87' lang='lat' dir='ltr'>immaterialis</span> <span class='ocrx_word' id='word_1_83' title='bbox 1206 830 1240 870; x_wconf 92' lang='lat' dir='ltr'>si</span> <span class='ocrx_word' id='word_1_84' title='bbox 1285 829 1462 883; x_wconf 88' lang='lat' dir='ltr'>proprie</span> <span class='ocrx_word' id='word_1_85' title='bbox 1504 833 1705 870; x_wconf 86' lang='lat' dir='ltr'>sumatur</span> <span class='ocrx_word' id='word_1_86' title='bbox 1751 828 1834 872; x_wconf 89' lang='lat' dir='ltr'>erit</span> <span class='ocrx_word' id='word_1_87' title='bbox 1856 848 1898 871; x_wconf 89' lang='lat'>10</span> 
     </span>
     <span class='ocr_line' id='line_1_12' title="bbox 281 898 1833 954; baseline 0.002 -16"><span class='ocrx_word' id='word_1_88' title='bbox 281 898 533 952; x_wconf 83' lang='lat' dir='ltr'>spiritualis,</span> <span class='ocrx_word' id='word_1_89' title='bbox 550 912 654 952; x_wconf 82' lang='lat' dir='ltr'>ergo</span> <span class='ocrx_word' id='word_1_90' title='bbox 677 899 757 940; x_wconf 90' lang='lat' dir='ltr'>erit</span> <span class='ocrx_word' id='word_1_91' title='bbox 775 899 914 940; x_wconf 88' lang='lat' dir='ltr'>virtus</span> <span class='ocrx_word' id='word_1_92' title='bbox 937 898 1193 941; x_wconf 88' lang='lat' dir='ltr'>substancie</span> <span class='ocrx_word' id='word_1_93' title='bbox 1215 899 1465 954; x_wconf 78' lang='lat' dir='ltr'>spiritualis,</span> <span class='ocrx_word' id='word_1_94' title='bbox 1520 898 1599 941; x_wconf 90' lang='lat' dir='ltr'>Set</span> <span class='ocrx_word' id='word_1_95' title='bbox 1621 898 1722 940; x_wconf 86' lang='lat' dir='ltr'>talis</span> <span class='ocrx_word' id='word_1_96' title='bbox 1745 912 1833 941; x_wconf 91' lang='lat' dir='ltr'>non</span> 
     </span>
     <span class='ocr_line' id='line_1_13' title="bbox 280 967 1834 1023; baseline 0.001 -15"><span class='ocrx_word' id='word_1_97' title='bbox 280 967 415 1009; x_wconf 88' lang='lat' dir='ltr'>habet</span> <span class='ocrx_word' id='word_1_98' title='bbox 437 969 772 1023; x_wconf 89' lang='lat' dir='ltr'>proporcionem</span> <span class='ocrx_word' id='word_1_99' title='bbox 796 969 852 1009; x_wconf 92' lang='lat' dir='ltr'>ad</span> <span class='ocrx_word' id='word_1_100' title='bbox 877 974 1051 1010; x_wconf 86' lang='lat' dir='ltr'>motum</span> <span class='ocrx_word' id='word_1_101' title='bbox 1076 975 1245 1010; x_wconf 92' lang='lat' dir='ltr'>rectum</span> <span class='ocrx_word' id='word_1_102' title='bbox 1269 975 1335 1010; x_wconf 91' lang='lat' dir='ltr'>set</span> <span class='ocrx_word' id='word_1_103' title='bbox 1356 970 1413 1011; x_wconf 89' lang='lat' dir='ltr'>ad</span> <span class='ocrx_word' id='word_1_104' title='bbox 1435 967 1706 1020; x_wconf 91' lang='lat' dir='ltr'>circularem,</span> <span class='ocrx_word' id='word_1_105' title='bbox 1728 969 1834 1023; x_wconf 91' lang='lat' dir='ltr'>quia</span> 
     </span>
     <span class='ocr_line' id='line_1_14' title="bbox 279 1036 1835 1094; baseline 0.002 -17"><span class='ocrx_word' id='word_1_106' title='bbox 279 1037 574 1091; x_wconf 83' lang='lat' dir='ltr'>intelligencie</span> <span class='ocrx_word' id='word_1_107' title='bbox 593 1044 772 1080; x_wconf 88' lang='lat' dir='ltr'>movent</span> <span class='ocrx_word' id='word_1_108' title='bbox 790 1036 922 1089; x_wconf 85' lang='lat' dir='ltr'>celos,</span> <span class='ocrx_word' id='word_1_109' title='bbox 940 1050 1019 1082; x_wconf 88' lang='lat' dir='ltr'>nee</span> <span class='ocrx_word' id='word_1_110' title='bbox 1037 1046 1264 1094; x_wconf 90' lang='lat' dir='ltr'>ponuntur</span> <span class='ocrx_word' id='word_1_111' title='bbox 1281 1039 1338 1093; x_wconf 86' lang='lat' dir='ltr'>ab</span> <span class='ocrx_word' id='word_1_112' title='bbox 1354 1038 1467 1081; x_wconf 90' lang='lat' dir='ltr'>alico</span> <span class='ocrx_word' id='word_1_113' title='bbox 1483 1038 1604 1093; x_wconf 92' lang='lat' dir='ltr'>quod</span> <span class='ocrx_word' id='word_1_114' title='bbox 1624 1044 1835 1080; x_wconf 89' lang='lat' dir='ltr'>moveant</span> 
     </span>
     <span class='ocr_line' id='line_1_15' title="bbox 279 1114 1827 1162; baseline 0.003 -15"><span class='ocrx_word' id='word_1_115' title='bbox 279 1114 401 1149; x_wconf 90' lang='lat' dir='ltr'>motu</span> <span class='ocrx_word' id='word_1_116' title='bbox 426 1114 560 1149; x_wconf 90' lang='lat' dir='ltr'>recto.</span> <span class='ocrx_word' id='word_1_117' title='bbox 1825 1159 1827 1162; x_wconf 11' lang='grc' dir='ltr'><em>Α</em></span> 
     </span>
    </p>

    <p class='ocr_par' dir='ltr' id='par_1_4' title="bbox 275 1169 1930 1717">
     <span class='ocr_line' id='line_1_16' title="bbox 337 1169 1892 1234; baseline 0 -16"><span class='ocrx_word' id='word_1_118' title='bbox 337 1177 384 1218; x_wconf 89' lang='lat' dir='ltr'>Si</span> <span class='ocrx_word' id='word_1_119' title='bbox 400 1177 571 1219; x_wconf 87' lang='lat' dir='ltr'>dicatur</span> <span class='ocrx_word' id='word_1_120' title='bbox 585 1178 704 1232; x_wconf 91' lang='lat' dir='ltr'>quod</span> <span class='ocrx_word' id='word_1_121' title='bbox 719 1192 807 1220; x_wconf 92' lang='lat' dir='ltr'>non</span> <span class='ocrx_word' id='word_1_122' title='bbox 823 1186 888 1221; x_wconf 86' lang='lat' dir='ltr'>est</span> <span class='ocrx_word' id='word_1_123' title='bbox 905 1179 965 1221; x_wconf 87' lang='lat' dir='ltr'>sic</span> <span class='ocrx_word' id='word_1_124' title='bbox 983 1179 1286 1222; x_wconf 88' lang='lat' dir='ltr'>immaterialis</span> <span class='ocrx_word' id='word_1_125' title='bbox 1304 1180 1365 1221; x_wconf 90' lang='lat' dir='ltr'>ita</span> <span class='ocrx_word' id='word_1_126' title='bbox 1382 1179 1503 1234; x_wconf 92' lang='lat' dir='ltr'>quod</span> <span class='ocrx_word' id='word_1_127' title='bbox 1522 1179 1578 1220; x_wconf 89' lang='lat' dir='ltr'>sit</span> <span class='ocrx_word' id='word_1_128' title='bbox 1593 1169 1831 1233; x_wconf 85' lang='lat' dir='ltr'>spiritualis</span> <span class='ocrx_word' id='word_1_129' title='bbox 1853 1194 1892 1227; x_wconf 85' lang='lat'>15</span> 
     </span>
     <span class='ocr_line' id='line_1_17' title="bbox 277 1247 1832 1304; baseline 0.001 -16"><span class='ocrx_word' id='word_1_130' title='bbox 277 1261 303 1288; x_wconf 90' lang='lat' dir='ltr'>a</span> <span class='ocrx_word' id='word_1_131' title='bbox 334 1247 585 1289; x_wconf 85' lang='lat' dir='ltr'>substancia</span> <span class='ocrx_word' id='word_1_132' title='bbox 616 1249 848 1303; x_wconf 89' lang='lat' dir='ltr'>spirituali,</span> <span class='ocrx_word' id='word_1_133' title='bbox 869 1255 936 1291; x_wconf 89' lang='lat' dir='ltr'>set</span> <span class='ocrx_word' id='word_1_134' title='bbox 968 1249 1145 1304; x_wconf 88' lang='lat' dir='ltr'>largiori</span> <span class='ocrx_word' id='word_1_135' title='bbox 1177 1250 1312 1291; x_wconf 92' lang='lat' dir='ltr'>modo</span> <span class='ocrx_word' id='word_1_136' title='bbox 1339 1249 1498 1291; x_wconf 90' lang='lat' dir='ltr'>dicitur</span> <span class='ocrx_word' id='word_1_137' title='bbox 1525 1248 1832 1290; x_wconf 89' lang='lat' dir='ltr'>immaterialis</span> 
     </span>
     <span class='ocr_line' id='line_1_18' title="bbox 277 1317 1828 1374; baseline 0.001 -17"><span class='ocrx_word' id='word_1_138' title='bbox 277 1317 381 1370; x_wconf 90' lang='lat' dir='ltr'>quia</span> <span class='ocrx_word' id='word_1_139' title='bbox 417 1324 483 1358; x_wconf 90' lang='lat' dir='ltr'>est</span> <span class='ocrx_word' id='word_1_140' title='bbox 526 1317 712 1367; x_wconf 89' lang='lat' dir='ltr'>celestis,</span> <span class='ocrx_word' id='word_1_141' title='bbox 746 1326 789 1360; x_wconf 89' lang='lat' dir='ltr'>et</span> <span class='ocrx_word' id='word_1_142' title='bbox 832 1326 1015 1374; x_wconf 88' lang='lat' dir='ltr'>propter</span> <span class='ocrx_word' id='word_1_143' title='bbox 1052 1319 1332 1361; x_wconf 90' lang='lat' dir='ltr'>nobilitatem</span> <span class='ocrx_word' id='word_1_144' title='bbox 1369 1332 1497 1359; x_wconf 89' lang='lat' dir='ltr'>suam</span> <span class='ocrx_word' id='word_1_145' title='bbox 1539 1318 1713 1360; x_wconf 89' lang='lat' dir='ltr'>dicatur</span> <span class='ocrx_word' id='word_1_146' title='bbox 1748 1318 1828 1359; x_wconf 94' lang='lat' dir='ltr'>im-</span> 
     </span>
     <span class='ocr_line' id='line_1_19' title="bbox 278 1386 1828 1442; baseline 0.002 -16"><span class='ocrx_word' id='word_1_147' title='bbox 278 1386 518 1427; x_wconf 88' lang='lat' dir='ltr'>materialis</span> <span class='ocrx_word' id='word_1_148' title='bbox 554 1401 631 1440; x_wconf 91' lang='lat' dir='ltr'>per</span> <span class='ocrx_word' id='word_1_149' title='bbox 668 1389 967 1442; x_wconf 83' lang='lat' dir='ltr'>privacionem</span> <span class='ocrx_word' id='word_1_150' title='bbox 1012 1390 1195 1431; x_wconf 88' lang='lat' dir='ltr'>materie</span> <span class='ocrx_word' id='word_1_151' title='bbox 1238 1396 1282 1431; x_wconf 92' lang='lat' dir='ltr'>et</span> <span class='ocrx_word' id='word_1_152' title='bbox 1325 1394 1480 1430; x_wconf 87' lang='lat' dir='ltr'>nature</span> <span class='ocrx_word' id='word_1_153' title='bbox 1523 1387 1828 1440; x_wconf 84' lang='lat' dir='ltr'>elementaris;</span> 
     </span>
     <span class='ocr_line' id='line_1_20' title="bbox 277 1457 1930 1515; baseline 0.001 -18"><span class='ocrx_word' id='word_1_154' title='bbox 277 1457 422 1497; x_wconf 92' lang='lat' dir='ltr'>adhuc</span> <span class='ocrx_word' id='word_1_155' title='bbox 444 1465 511 1498; x_wconf 92' lang='lat' dir='ltr'>est</span> <span class='ocrx_word' id='word_1_156' title='bbox 534 1471 666 1508; x_wconf 90' lang='lat' dir='ltr'>error,</span> <span class='ocrx_word' id='word_1_157' title='bbox 684 1472 786 1499; x_wconf 90' lang='lat' dir='ltr'>nam</span> <span class='ocrx_word' id='word_1_158' title='bbox 804 1457 1016 1515; x_wconf 87' lang='lat' dir='ltr'>virtu(ti)s</span> <span class='ocrx_word' id='word_1_159' title='bbox 1039 1459 1213 1501; x_wconf 87' lang='lat' dir='ltr'>celestis</span> <span class='ocrx_word' id='word_1_160' title='bbox 1235 1472 1325 1500; x_wconf 90' lang='lat' dir='ltr'>non</span> <span class='ocrx_word' id='word_1_161' title='bbox 1339 1465 1405 1500; x_wconf 91' lang='lat' dir='ltr'>est</span> <span class='ocrx_word' id='word_1_162' title='bbox 1427 1464 1531 1500; x_wconf 90' lang='lat' dir='ltr'>nata</span> <span class='ocrx_word' id='word_1_163' title='bbox 1548 1471 1724 1500; x_wconf 89' lang='lat' dir='ltr'>movere</span> <span class='ocrx_word' id='word_1_164' title='bbox 1745 1457 1827 1498; x_wconf 89' lang='lat' dir='ltr'>nisi</span> <span class='ocrx_word' id='word_1_165' title='bbox 1927 1514 1930 1515; x_wconf 19' lang='lat'><em>⁷</em></span> 
     </span>
     <span class='ocr_line' id='line_1_21' title="bbox 277 1526 1892 1582; baseline 0.002 -17"><span class='ocrx_word' id='word_1_166' title='bbox 277 1526 564 1576; x_wconf 88' lang='lat' dir='ltr'>circulariter;</span> <span class='ocrx_word' id='word_1_167' title='bbox 597 1535 779 1582; x_wconf 90' lang='lat' dir='ltr'>propter</span> <span class='ocrx_word' id='word_1_168' title='bbox 807 1527 889 1570; x_wconf 91' lang='lat' dir='ltr'>hoc</span> <span class='ocrx_word' id='word_1_169' title='bbox 917 1528 1056 1570; x_wconf 83' lang='lat' dir='ltr'>virtus</span> <span class='ocrx_word' id='word_1_170' title='bbox 1088 1528 1168 1570; x_wconf 91' lang='lat' dir='ltr'>celi</span> <span class='ocrx_word' id='word_1_171' title='bbox 1198 1534 1376 1582; x_wconf 89' lang='lat' dir='ltr'>recepta</span> <span class='ocrx_word' id='word_1_172' title='bbox 1405 1527 1449 1568; x_wconf 90' lang='lat' dir='ltr'>in</span> <span class='ocrx_word' id='word_1_173' title='bbox 1475 1527 1613 1582; x_wconf 88' lang='lat' dir='ltr'>speris</span> <span class='ocrx_word' id='word_1_174' title='bbox 1640 1527 1827 1569; x_wconf 91' lang='lat' dir='ltr'>elemen-</span> <span class='ocrx_word' id='word_1_175' title='bbox 1850 1540 1892 1565; x_wconf 84' lang='lat'>²0</span> 
     </span>
     <span class='ocr_line' id='line_1_22' title="bbox 276 1597 1826 1650; baseline 0.003 -15"><span class='ocrx_word' id='word_1_176' title='bbox 276 1600 423 1636; x_wconf 89' lang='lat' dir='ltr'>torum</span> <span class='ocrx_word' id='word_1_177' title='bbox 457 1603 608 1638; x_wconf 88' lang='lat' dir='ltr'>movet</span> <span class='ocrx_word' id='word_1_178' title='bbox 640 1610 690 1637; x_wconf 86' lang='lat' dir='ltr'>ea</span> <span class='ocrx_word' id='word_1_179' title='bbox 723 1604 848 1638; x_wconf 90' lang='lat' dir='ltr'>motu</span> <span class='ocrx_word' id='word_1_180' title='bbox 881 1597 961 1639; x_wconf 90' lang='lat' dir='ltr'>celi</span> <span class='ocrx_word' id='word_1_181' title='bbox 987 1604 1030 1639; x_wconf 93' lang='lat' dir='ltr'>et</span> <span class='ocrx_word' id='word_1_182' title='bbox 1061 1598 1220 1639; x_wconf 89' lang='lat' dir='ltr'>saltem</span> <span class='ocrx_word' id='word_1_183' title='bbox 1254 1597 1336 1639; x_wconf 90' lang='lat' dir='ltr'>tria</span> <span class='ocrx_word' id='word_1_184' title='bbox 1362 1597 1582 1638; x_wconf 89' lang='lat' dir='ltr'>elementa</span> <span class='ocrx_word' id='word_1_185' title='bbox 1607 1610 1693 1650; x_wconf 92' lang='lat' dir='ltr'>que</span> <span class='ocrx_word' id='word_1_186' title='bbox 1723 1602 1826 1639; x_wconf 85' lang='lat' dir='ltr'>sunt</span> 
     </span>
     <span class='ocr_line' id='line_1_23' title="bbox 275 1665 1181 1717; baseline 0.003 -11"><span class='ocrx_word' id='word_1_187' title='bbox 275 1672 380 1707; x_wconf 87' lang='lat' dir='ltr'>nata</span> <span class='ocrx_word' id='word_1_188' title='bbox 404 1666 582 1717; x_wconf 89' lang='lat' dir='ltr'>moveri,</span> <span class='ocrx_word' id='word_1_189' title='bbox 606 1673 653 1707; x_wconf 90' lang='lat' dir='ltr'>ut</span> <span class='ocrx_word' id='word_1_190' title='bbox 676 1665 852 1709; x_wconf 90' lang='lat' dir='ltr'>inferius</span> <span class='ocrx_word' id='word_1_191' title='bbox 874 1667 1181 1709; x_wconf 75' lang='lat' dir='ltr'>declarabitur,</span> 
     </span>
    </p>

    <p class='ocr_par' dir='ltr' id='par_1_5' title="bbox 272 1735 1888 2138">
     <span class='ocr_line' id='line_1_24' title="bbox 336 1735 1826 1790; baseline 0.001 -15"><span class='ocrx_word' id='word_1_192' title='bbox 336 1735 395 1776; x_wconf 78' lang='lat' dir='ltr'>Et</span> <span class='ocrx_word' id='word_1_193' title='bbox 423 1736 522 1778; x_wconf 88' lang='lat' dir='ltr'>ideo</span> <span class='ocrx_word' id='word_1_194' title='bbox 553 1736 626 1777; x_wconf 89' lang='lat' dir='ltr'>alii</span> <span class='ocrx_word' id='word_1_195' title='bbox 653 1736 804 1778; x_wconf 89' lang='lat' dir='ltr'>dicunt</span> <span class='ocrx_word' id='word_1_196' title='bbox 831 1738 952 1790; x_wconf 90' lang='lat' dir='ltr'>quod</span> <span class='ocrx_word' id='word_1_197' title='bbox 981 1738 1186 1779; x_wconf 88' lang='lat' dir='ltr'>dicuntur</span> <span class='ocrx_word' id='word_1_198' title='bbox 1213 1743 1330 1778; x_wconf 90' lang='lat' dir='ltr'>recta</span> <span class='ocrx_word' id='word_1_199' title='bbox 1352 1750 1442 1778; x_wconf 91' lang='lat' dir='ltr'>non</span> <span class='ocrx_word' id='word_1_200' title='bbox 1466 1742 1646 1790; x_wconf 91' lang='lat' dir='ltr'>propter</span> <span class='ocrx_word' id='word_1_201' title='bbox 1667 1735 1826 1790; x_wconf 85' lang='lat' dir='ltr'>figura-</span> 
     </span>
     <span class='ocr_line' id='line_1_25' title="bbox 274 1804 1825 1860; baseline 0.001 -15"><span class='ocrx_word' id='word_1_202' title='bbox 274 1805 444 1846; x_wconf 89' lang='lat' dir='ltr'>cionem</span> <span class='ocrx_word' id='word_1_203' title='bbox 487 1812 553 1846; x_wconf 90' lang='lat' dir='ltr'>set</span> <span class='ocrx_word' id='word_1_204' title='bbox 595 1812 777 1860; x_wconf 91' lang='lat' dir='ltr'>propter</span> <span class='ocrx_word' id='word_1_205' title='bbox 819 1806 1154 1848; x_wconf 88' lang='lat' dir='ltr'>inclinacionem</span> <span class='ocrx_word' id='word_1_206' title='bbox 1192 1806 1333 1848; x_wconf 89' lang='lat' dir='ltr'>solam</span> <span class='ocrx_word' id='word_1_207' title='bbox 1372 1812 1538 1847; x_wconf 88' lang='lat' dir='ltr'>rectam</span> <span class='ocrx_word' id='word_1_208' title='bbox 1584 1805 1641 1846; x_wconf 89' lang='lat' dir='ltr'>ad</span> <span class='ocrx_word' id='word_1_209' title='bbox 1679 1804 1825 1847; x_wconf 90' lang='lat' dir='ltr'>locum</span> 
     </span>
     <span class='ocr_line' id='line_1_26' title="bbox 275 1874 1888 1929; baseline 0.003 -14"><span class='ocrx_word' id='word_1_210' title='bbox 275 1880 319 1915; x_wconf 88' lang='lat' dir='ltr'>et</span> <span class='ocrx_word' id='word_1_211' title='bbox 361 1875 417 1916; x_wconf 88' lang='lat' dir='ltr'>ad</span> <span class='ocrx_word' id='word_1_212' title='bbox 461 1881 633 1916; x_wconf 89' lang='lat' dir='ltr'>motum</span> <span class='ocrx_word' id='word_1_213' title='bbox 675 1876 918 1917; x_wconf 88' lang='lat' dir='ltr'>secundum</span> <span class='ocrx_word' id='word_1_214' title='bbox 960 1874 1121 1927; x_wconf 90' lang='lat' dir='ltr'>locum,</span> <span class='ocrx_word' id='word_1_215' title='bbox 1167 1875 1270 1929; x_wconf 90' lang='lat' dir='ltr'>quia</span> <span class='ocrx_word' id='word_1_216' title='bbox 1313 1881 1544 1917; x_wconf 88' lang='lat' dir='ltr'>moventur</span> <span class='ocrx_word' id='word_1_217' title='bbox 1581 1875 1825 1917; x_wconf 87' lang='lat' dir='ltr'>secundum</span> <span class='ocrx_word' id='word_1_218' title='bbox 1847 1886 1888 1920; x_wconf 83' lang='lat'>²5</span> 
     </span>
     <span class='ocr_line' id='line_1_27' title="bbox 273 1943 1825 1992; baseline 0.001 -9"><span class='ocrx_word' id='word_1_219' title='bbox 273 1943 434 1985; x_wconf 90' lang='lat' dir='ltr'>lineam</span> <span class='ocrx_word' id='word_1_220' title='bbox 468 1950 659 1992; x_wconf 89' lang='lat' dir='ltr'>rectam;</span> <span class='ocrx_word' id='word_1_221' title='bbox 693 1951 760 1986; x_wconf 89' lang='lat' dir='ltr'>set</span> <span class='ocrx_word' id='word_1_222' title='bbox 791 1945 877 1986; x_wconf 93' lang='lat' dir='ltr'>hoc</span> <span class='ocrx_word' id='word_1_223' title='bbox 907 1952 973 1987; x_wconf 90' lang='lat' dir='ltr'>est</span> <span class='ocrx_word' id='word_1_224' title='bbox 1001 1951 1156 1987; x_wconf 88' lang='lat' dir='ltr'>contra</span> <span class='ocrx_word' id='word_1_225' title='bbox 1177 1944 1471 1986; x_wconf 89' lang='lat' dir='ltr'>Aristotelem</span> <span class='ocrx_word' id='word_1_226' title='bbox 1502 1950 1547 1985; x_wconf 90' lang='lat' dir='ltr'>et</span> <span class='ocrx_word' id='word_1_227' title='bbox 1574 1943 1825 1986; x_wconf 87' lang='lat' dir='ltr'>Averroern</span> 
     </span>
     <span class='ocr_line' id='line_1_28' title="bbox 273 2012 1824 2068; baseline 0.002 -15"><span class='ocrx_word' id='word_1_228' title='bbox 273 2013 417 2067; x_wconf 88' lang='lat' dir='ltr'>primo</span> <span class='ocrx_word' id='word_1_229' title='bbox 452 2012 542 2055; x_wconf 80' lang='lat' dir='ltr'>Celz&#39;</span> <span class='ocrx_word' id='word_1_230' title='bbox 569 2022 612 2056; x_wconf 82' lang='lat' dir='ltr'>et</span> <span class='ocrx_word' id='word_1_231' title='bbox 640 2013 817 2056; x_wconf 73' lang='lat' dir='ltr'>Mundi.</span> <span class='ocrx_word' id='word_1_232' title='bbox 872 2015 986 2057; x_wconf 90' lang='lat' dir='ltr'>Item</span> <span class='ocrx_word' id='word_1_233' title='bbox 1021 2021 1168 2056; x_wconf 87' lang='lat' dir='ltr'>motus</span> <span class='ocrx_word' id='word_1_234' title='bbox 1200 2014 1422 2056; x_wconf 88' lang='lat' dir='ltr'>circularis</span> <span class='ocrx_word' id='word_1_235' title='bbox 1445 2015 1626 2068; x_wconf 85' lang='lat' dir='ltr'>requirit</span> <span class='ocrx_word' id='word_1_236' title='bbox 1647 2021 1824 2056; x_wconf 90' lang='lat' dir='ltr'>natura-</span> 
     </span>
     <span class='ocr_line' id='line_1_29' title="bbox 272 2082 1824 2138; baseline 0.001 -16"><span class='ocrx_word' id='word_1_237' title='bbox 272 2082 372 2123; x_wconf 88' lang='lat' dir='ltr'>liter</span> <span class='ocrx_word' id='word_1_238' title='bbox 394 2083 581 2137; x_wconf 85' lang='lat' dir='ltr'>figuram</span> <span class='ocrx_word' id='word_1_239' title='bbox 605 2084 860 2125; x_wconf 88' lang='lat' dir='ltr'>circularem</span> <span class='ocrx_word' id='word_1_240' title='bbox 892 2084 935 2125; x_wconf 90' lang='lat' dir='ltr'>in</span> <span class='ocrx_word' id='word_1_241' title='bbox 966 2098 1018 2125; x_wconf 92' lang='lat' dir='ltr'>eo</span> <span class='ocrx_word' id='word_1_242' title='bbox 1048 2084 1090 2125; x_wconf 92' lang='lat' dir='ltr'>in</span> <span class='ocrx_word' id='word_1_243' title='bbox 1113 2098 1202 2138; x_wconf 91' lang='lat' dir='ltr'>quo</span> <span class='ocrx_word' id='word_1_244' title='bbox 1225 2091 1304 2134; x_wconf 90' lang='lat' dir='ltr'>est,</span> <span class='ocrx_word' id='word_1_245' title='bbox 1327 2098 1432 2138; x_wconf 85' lang='lat' dir='ltr'>ergo</span> <span class='ocrx_word' id='word_1_246' title='bbox 1453 2083 1655 2126; x_wconf 90' lang='lat' dir='ltr'>similiter</span> <span class='ocrx_word' id='word_1_247' title='bbox 1677 2090 1824 2126; x_wconf 89' lang='lat' dir='ltr'>motus</span> 
     </span>
    </p>

    <p class='ocr_par' dir='ltr' id='par_1_6' title="bbox 102 2152 1886 2347">
     <span class='ocr_line' id='line_1_30' title="bbox 102 2152 1823 2208; baseline 0.001 -15"><span class='ocrx_word' id='word_1_248' title='bbox 102 2162 162 2193; x_wconf 83' lang='lat'>103</span> <span class='ocrx_word' id='word_1_249' title='bbox 179 2154 201 2186; x_wconf 89' lang='lat' dir='ltr'>b</span> <span class='ocrx_word' id='word_1_250' title='bbox 222 2164 251 2186; x_wconf 77' lang='lat'>2-</span> <span class='ocrx_word' id='word_1_251' title='bbox 273 2158 417 2193; x_wconf 88' lang='lat' dir='ltr'>rectus</span> <span class='ocrx_word' id='word_1_252' title='bbox 447 2153 626 2206; x_wconf 89' lang='lat' dir='ltr'>requirit</span> <span class='ocrx_word' id='word_1_253' title='bbox 656 2152 916 2195; x_wconf 88' lang='lat' dir='ltr'>naturaliter</span> <span class='ocrx_word' id='word_1_254' title='bbox 945 2152 1133 2208; x_wconf 86' lang='lat' dir='ltr'>figuram</span> <span class='ocrx_word' id='word_1_255' title='bbox 1162 2161 1327 2194; x_wconf 91' lang='lat' dir='ltr'>rectam</span> <span class='ocrx_word' id='word_1_256' title='bbox 1355 2152 1360 2207; x_wconf 84' lang='grc' dir='ltr'>Ι</span> <span class='ocrx_word' id='word_1_257' title='bbox 1390 2153 1432 2193; x_wconf 90' lang='lat' dir='ltr'>in</span> <span class='ocrx_word' id='word_1_258' title='bbox 1455 2166 1507 2193; x_wconf 93' lang='lat' dir='ltr'>eo</span> <span class='ocrx_word' id='word_1_259' title='bbox 1529 2153 1596 2194; x_wconf 91' lang='lat' dir='ltr'>cui</span> <span class='ocrx_word' id='word_1_260' title='bbox 1620 2152 1823 2194; x_wconf 88' lang='lat' dir='ltr'>debetur.</span> 
     </span>
     <span class='ocr_line' id='line_1_31' title="bbox 274 2221 1886 2277; baseline 0 -15"><span class='ocrx_word' id='word_1_261' title='bbox 274 2221 388 2262; x_wconf 86' lang='lat' dir='ltr'>Item</span> <span class='ocrx_word' id='word_1_262' title='bbox 422 2221 639 2264; x_wconf 89' lang='lat' dir='ltr'>elementa</span> <span class='ocrx_word' id='word_1_263' title='bbox 672 2224 897 2276; x_wconf 89' lang='lat' dir='ltr'>requirunt</span> <span class='ocrx_word' id='word_1_264' title='bbox 930 2222 1118 2277; x_wconf 81' lang='lat' dir='ltr'>figuram</span> <span class='ocrx_word' id='word_1_265' title='bbox 1151 2229 1317 2264; x_wconf 89' lang='lat' dir='ltr'>rectam</span> <span class='ocrx_word' id='word_1_266' title='bbox 1351 2222 1393 2262; x_wconf 86' lang='lat' dir='ltr'>in</span> <span class='ocrx_word' id='word_1_267' title='bbox 1419 2229 1545 2264; x_wconf 86' lang='lat' dir='ltr'>motu</span> <span class='ocrx_word' id='word_1_268' title='bbox 1574 2223 1631 2263; x_wconf 89' lang='lat' dir='ltr'>ad</span> <span class='ocrx_word' id='word_1_269' title='bbox 1663 2222 1822 2271; x_wconf 90' lang='lat' dir='ltr'>locum,</span> <span class='ocrx_word' id='word_1_270' title='bbox 1843 2245 1886 2276; x_wconf 84' lang='lat'>30</span> 
     </span>
     <span class='ocr_line' id='line_1_32' title="bbox 271 2283 1820 2347; baseline 0 -15"><span class='ocrx_word' id='word_1_271' title='bbox 271 2298 335 2332; x_wconf 88' lang='lat' dir='ltr'>set</span> <span class='ocrx_word' id='word_1_272' title='bbox 357 2305 435 2345; x_wconf 88' lang='lat' dir='ltr'>per</span> <span class='ocrx_word' id='word_1_273' title='bbox 457 2293 643 2333; x_wconf 90' lang='lat' dir='ltr'>eandem</span> <span class='ocrx_word' id='word_1_274' title='bbox 668 2298 871 2334; x_wconf 85' lang='lat' dir='ltr'>naturam</span> <span class='ocrx_word' id='word_1_275' title='bbox 906 2299 1138 2334; x_wconf 88' lang='lat' dir='ltr'>moventur</span> <span class='ocrx_word' id='word_1_276' title='bbox 1166 2292 1221 2347; x_wconf 87' lang='lat' dir='ltr'>ad</span> <span class='ocrx_word' id='word_1_277' title='bbox 1258 2291 1402 2334; x_wconf 91' lang='lat' dir='ltr'>locum</span> <span class='ocrx_word' id='word_1_278' title='bbox 1436 2283 1496 2332; x_wconf 49' lang='lat' dir='ltr'>et·</span> <span class='ocrx_word' id='word_1_279' title='bbox 1515 2291 1745 2345; x_wconf 89' lang='lat' dir='ltr'>quiescunt</span> <span class='ocrx_word' id='word_1_280' title='bbox 1778 2292 1820 2332; x_wconf 92' lang='lat' dir='ltr'>in</span> 
     </span>
    </p>
   </div>
   <div class='ocr_carea' id='block_1_3' title="bbox 317 2443 1673 2487">
    <p class='ocr_par' dir='ltr' id='par_1_7' title="bbox 317 2443 1673 2487">
     <span class='ocr_line' id='line_1_33' title="bbox 317 2443 1673 2487; baseline -0.001 -11"><span class='ocrx_word' id='word_1_281' title='bbox 317 2456 333 2485; x_wconf 91' lang='lat'><em>7</em></span> <span class='ocrx_word' id='word_1_282' title='bbox 358 2445 603 2487; x_wconf 76' lang='lat' dir='ltr'>Aristoteles]</span> <span class='ocrx_word' id='word_1_283' title='bbox 622 2445 686 2477; x_wconf 90' lang='lat' dir='ltr'>loc.</span> <span class='ocrx_word' id='word_1_284' title='bbox 705 2446 759 2477; x_wconf 92' lang='lat' dir='ltr'>cit.</span> <span class='ocrx_word' id='word_1_285' title='bbox 990 2455 1032 2485; x_wconf 84' lang='lat'>27</span> <span class='ocrx_word' id='word_1_286' title='bbox 1062 2447 1142 2477; x_wconf 83' lang='lat' dir='ltr'>Geli</span> <span class='ocrx_word' id='word_1_287' title='bbox 1159 2448 1197 2476; x_wconf 79' lang='lat' dir='ltr'>et</span> <span class='ocrx_word' id='word_1_288' title='bbox 1213 2443 1366 2486; x_wconf 86' lang='lat' dir='ltr'>Mundi]</span> <span class='ocrx_word' id='word_1_289' title='bbox 1384 2444 1404 2476; x_wconf 87' lang='lat' dir='ltr'>i.</span> <span class='ocrx_word' id='word_1_290' title='bbox 1428 2444 1487 2483; x_wconf 85' lang='lat'>183</span> <span class='ocrx_word' id='word_1_291' title='bbox 1512 2444 1533 2476; x_wconf 86' lang='lat' dir='ltr'>i.</span> <span class='ocrx_word' id='word_1_292' title='bbox 1556 2453 1605 2482; x_wconf 83' lang='lat'>12,</span> <span class='ocrx_word' id='word_1_293' title='bbox 1624 2453 1673 2483; x_wconf 87' lang='lat'>14.</span> 
     </span>
    </p>
   </div>
   <div class='ocr_carea' id='block_1_4' title="bbox 267 2588 1825 2839">
    <p class='ocr_par' dir='ltr' id='par_1_8' title="bbox 267 2588 1825 2839">
     <span class='ocr_line' id='line_1_34' title="bbox 316 2588 1825 2631; baseline -0.001 -11"><span class='ocrx_word' id='word_1_294' title='bbox 316 2599 328 2619; x_wconf 89' lang='lat'>1</span> <span class='ocrx_word' id='word_1_295' title='bbox 356 2595 390 2621; x_wconf 91' lang='lat' dir='ltr'>et</span> <span class='ocrx_word' id='word_1_296' title='bbox 415 2591 479 2622; x_wconf 92' lang='lat' dir='ltr'>hoc</span> <span class='ocrx_word' id='word_1_297' title='bbox 505 2595 555 2621; x_wconf 91' lang='lat' dir='ltr'>est</span> <span class='ocrx_word' id='word_1_298' title='bbox 580 2589 687 2631; x_wconf 90' lang='lat' dir='ltr'>quod]</span> <span class='ocrx_word' id='word_1_299' title='bbox 713 2589 804 2629; x_wconf 88' lang='lat' dir='ltr'>quod</span> <span class='ocrx_word' id='word_1_300' title='bbox 829 2589 892 2620; x_wconf 89' lang='lat' dir='ltr'>hoc</span> <span class='ocrx_word' id='word_1_301' title='bbox 918 2594 972 2620; x_wconf 86' lang='lat' dir='ltr'>est</span> <span class='ocrx_word' id='word_1_302' title='bbox 996 2599 1101 2630; x_wconf 81' lang='lat' dir='ltr'>quare</span> <span class='ocrx_word' id='word_1_303' title='bbox 1130 2589 1161 2620; x_wconf 94' lang='grc' dir='ltr'><em>Ο</em></span> <span class='ocrx_word' id='word_1_304' title='bbox 1295 2599 1314 2629; x_wconf 84' lang='grc'>3</span> <span class='ocrx_word' id='word_1_305' title='bbox 1337 2589 1495 2620; x_wconf 83' lang='lat' dir='ltr'>solebat.</span> <span class='ocrx_word' id='word_1_306' title='bbox 1516 2612 1524 2621; x_wconf 91' lang='lat'><strong><em>.</em></strong></span> <span class='ocrx_word' id='word_1_307' title='bbox 1542 2612 1550 2621; x_wconf 91' lang='lat'><strong>.</strong></span> <span class='ocrx_word' id='word_1_308' title='bbox 1572 2592 1666 2623; x_wconf 83' lang='lat' dir='ltr'>recta</span> <span class='ocrx_word' id='word_1_309' title='bbox 1687 2597 1756 2620; x_wconf 89' lang='lat' dir='ltr'>om.</span> <span class='ocrx_word' id='word_1_310' title='bbox 1781 2588 1825 2619; x_wconf 92' lang='lat' dir='ltr'><em>M</em></span> 
     </span>
     <span class='ocr_line' id='line_1_35' title="bbox 268 2639 1819 2682; baseline -0.001 -11"><span class='ocrx_word' id='word_1_311' title='bbox 268 2641 508 2682; x_wconf 84' lang='lat' dir='ltr'>directionem]</span> <span class='ocrx_word' id='word_1_312' title='bbox 524 2641 726 2673; x_wconf 89' lang='lat' dir='ltr'>duccionem</span> <span class='ocrx_word' id='word_1_313' title='bbox 739 2641 778 2672; x_wconf 94' lang='lat' dir='ltr'><em>M</em></span> <span class='ocrx_word' id='word_1_314' title='bbox 889 2652 908 2680; x_wconf 86' lang='lat'><strong>4</strong></span> <span class='ocrx_word' id='word_1_315' title='bbox 926 2641 1173 2682; x_wconf 80' lang='lat' dir='ltr'>immaterialis]</span> <span class='ocrx_word' id='word_1_316' title='bbox 1187 2641 1371 2672; x_wconf 84' lang='lat' dir='ltr'>materialis</span> <span class='ocrx_word' id='word_1_317' title='bbox 1385 2641 1416 2672; x_wconf 93' lang='lat' dir='ltr'><em>O</em></span> <span class='ocrx_word' id='word_1_318' title='bbox 1517 2641 1538 2671; x_wconf 90' lang='lat'>8</span> <span class='ocrx_word' id='word_1_319' title='bbox 1555 2639 1694 2682; x_wconf 86' lang='lat' dir='ltr'>quibus]</span> <span class='ocrx_word' id='word_1_320' title='bbox 1708 2650 1774 2681; x_wconf 85' lang='lat' dir='ltr'>qua</span> <span class='ocrx_word' id='word_1_321' title='bbox 1788 2639 1819 2671; x_wconf 92' lang='grc' dir='ltr'>Ο</span> 
     </span>
     <span class='ocr_line' id='line_1_36' title="bbox 272 2691 1822 2735; baseline -0.001 -11"><span class='ocrx_word' id='word_1_322' title='bbox 272 2704 310 2733; x_wconf 84' lang='grc'>15</span> <span class='ocrx_word' id='word_1_323' title='bbox 329 2700 382 2725; x_wconf 85' lang='lat' dir='ltr'>est</span> <span class='ocrx_word' id='word_1_324' title='bbox 399 2694 466 2735; x_wconf 87' lang='lat' dir='ltr'>sic]</span> <span class='ocrx_word' id='word_1_325' title='bbox 485 2696 529 2725; x_wconf 87' lang='lat' dir='ltr'>sit</span> <span class='ocrx_word' id='word_1_326' title='bbox 546 2694 588 2724; x_wconf 93' lang='lat' dir='ltr'><em>M</em></span> <span class='ocrx_word' id='word_1_327' title='bbox 688 2704 725 2734; x_wconf 91' lang='lat'>17</span> <span class='ocrx_word' id='word_1_328' title='bbox 751 2693 845 2735; x_wconf 87' lang='lat' dir='ltr'>quia]</span> <span class='ocrx_word' id='word_1_329' title='bbox 865 2699 898 2724; x_wconf 89' lang='lat' dir='ltr'>et</span> <span class='ocrx_word' id='word_1_330' title='bbox 917 2692 948 2724; x_wconf 87' lang='lat' dir='ltr'>O</span> <span class='ocrx_word' id='word_1_331' title='bbox 1063 2703 1103 2734; x_wconf 89' lang='lat'>19</span> <span class='ocrx_word' id='word_1_332' title='bbox 1125 2693 1252 2734; x_wconf 87' lang='lat' dir='ltr'>adhuc]</span> <span class='ocrx_word' id='word_1_333' title='bbox 1270 2694 1313 2724; x_wconf 92' lang='lat' dir='ltr'>ad</span> <span class='ocrx_word' id='word_1_334' title='bbox 1333 2693 1396 2724; x_wconf 86' lang='lat' dir='ltr'>hoc</span> <span class='ocrx_word' id='word_1_335' title='bbox 1416 2692 1447 2723; x_wconf 92' lang='lat' dir='ltr'><em>O</em></span> <span class='ocrx_word' id='word_1_336' title='bbox 1561 2692 1655 2733; x_wconf 88' lang='lat' dir='ltr'>nam]</span> <span class='ocrx_word' id='word_1_337' title='bbox 1673 2692 1764 2732; x_wconf 89' lang='lat' dir='ltr'>quod</span> <span class='ocrx_word' id='word_1_338' title='bbox 1780 2691 1822 2723; x_wconf 93' lang='lat' dir='ltr'><em>M</em></span> 
     </span>
     <span class='ocr_line' id='line_1_37' title="bbox 267 2743 1818 2787; baseline -0.001 -12"><span class='ocrx_word' id='word_1_339' title='bbox 267 2755 309 2784; x_wconf 81' lang='lat'>23</span> <span class='ocrx_word' id='word_1_340' title='bbox 335 2746 597 2787; x_wconf 84' lang='lat' dir='ltr'>figuracionem]</span> <span class='ocrx_word' id='word_1_341' title='bbox 616 2747 755 2786; x_wconf 83' lang='lat' dir='ltr'>figuram</span> <span class='ocrx_word' id='word_1_342' title='bbox 776 2745 807 2777; x_wconf 91' lang='grc' dir='ltr'><em>Ο</em></span> <span class='ocrx_word' id='word_1_343' title='bbox 897 2747 938 2776; x_wconf 88' lang='lat'>26</span> <span class='ocrx_word' id='word_1_344' title='bbox 964 2751 1090 2777; x_wconf 86' lang='lat' dir='ltr'>rectam</span> <span class='ocrx_word' id='word_1_345' title='bbox 1110 2756 1175 2777; x_wconf 88' lang='lat' dir='ltr'>om.</span> <span class='ocrx_word' id='word_1_346' title='bbox 1195 2746 1237 2776; x_wconf 93' lang='lat' dir='ltr'><em>M</em></span> <span class='ocrx_word' id='word_1_347' title='bbox 1335 2755 1377 2785; x_wconf 82' lang='lat'>27</span> <span class='ocrx_word' id='word_1_348' title='bbox 1401 2744 1530 2786; x_wconf 82' lang='lat' dir='ltr'>primo]</span> <span class='ocrx_word' id='word_1_349' title='bbox 1547 2744 1581 2776; x_wconf 89' lang='lat' dir='ltr'>in</span> <span class='ocrx_word' id='word_1_350' title='bbox 1599 2744 1768 2785; x_wconf 88' lang='lat' dir='ltr'>principio</span> <span class='ocrx_word' id='word_1_351' title='bbox 1787 2743 1818 2774; x_wconf 92' lang='grc' dir='ltr'><em>Ο</em></span> 
     </span>
     <span class='ocr_line' id='line_1_38' title="bbox 267 2795 1712 2839; baseline -0.001 -11"><span class='ocrx_word' id='word_1_352' title='bbox 267 2798 308 2828; x_wconf 85' lang='lat'>28</span> <span class='ocrx_word' id='word_1_353' title='bbox 334 2798 366 2828; x_wconf 87' lang='lat' dir='ltr'>in</span> <span class='ocrx_word' id='word_1_354' title='bbox 385 2808 427 2828; x_wconf 89' lang='lat' dir='ltr'>eo</span> <span class='ocrx_word' id='word_1_355' title='bbox 445 2809 511 2829; x_wconf 90' lang='lat' dir='ltr'>om.</span> <span class='ocrx_word' id='word_1_356' title='bbox 533 2797 574 2829; x_wconf 93' lang='lat' dir='ltr'><em>M</em></span> <span class='ocrx_word' id='word_1_357' title='bbox 728 2808 767 2839; x_wconf 84' lang='lat'>31</span> <span class='ocrx_word' id='word_1_358' title='bbox 795 2797 992 2839; x_wconf 84' lang='lat' dir='ltr'>moventur]</span> <span class='ocrx_word' id='word_1_359' title='bbox 1011 2802 1167 2829; x_wconf 85' lang='lat' dir='ltr'>movetur</span> <span class='ocrx_word' id='word_1_360' title='bbox 1183 2797 1225 2828; x_wconf 93' lang='lat' dir='ltr'><em>M</em></span> <span class='ocrx_word' id='word_1_361' title='bbox 1290 2796 1491 2838; x_wconf 85' lang='lat' dir='ltr'>quiescunt]</span> <span class='ocrx_word' id='word_1_362' title='bbox 1507 2796 1653 2836; x_wconf 88' lang='lat' dir='ltr'>quiescit</span> <span class='ocrx_word' id='word_1_363' title='bbox 1669 2795 1712 2826; x_wconf 91' lang='lat' dir='ltr'><em>M</em></span> 
     </span>
    </p>
   </div>
  </div>
 </body>
</html>
