1945 3079
832 118 913 159 429

104 224 248 265 nullus
280 230 429 265 tamen
461 221 634 262 illorum
668 222 891 275 complet3
926 222 1075 272 immo,
1096 235 1121 262 a
1152 222 1480 274 complemento
1512 223 1644 263 sensi-

105 292 249 333 biliter
289 291 451 332 deficit.
543 291 602 331 Et
644 290 649 345 Ι
692 290 791 330 ideo
834 291 927 343 eJ'us
969 289 1164 331 defectus
1207 291 1365 331 dicitur
1406 290 1644 332 incurtacio

102 368 340 416 postrema,
371 366 415 400 et
452 365 634 401 vocatur
670 359 911 400 secundum
945 358 1253 400 Ptholomeum
1292 365 1434 401 motus
1467 360 1643 413 planete

102 431 341 471 secundum
365 429 696 482 longitudinem.

63 516 82 548 5
163 499 245 540 Est
281 505 430 540 autem
468 503 512 538 et
549 497 779 551 cujuslibet
816 512 966 540 eorum
1004 500 1113 541 alius
1151 506 1307 549 motus,
1344 501 1418 553 qui
1460 506 1526 541 est
1567 513 1644 554 per

103 569 397 611 mutacionem
430 581 608 608 suorum
640 567 842 621 polorum
881 582 1010 622 super
1044 569 1252 610 circulum
1291 583 1487 622 parvum,
1519 569 1643 622 cujus

103 637 230 691 polus
248 639 290 678 in
307 637 399 679 aliis
417 637 604 690 planetis
619 650 644 677 a
662 636 765 678 Sole
782 651 956 691 semper
978 639 1020 678 in
1041 638 1200 679 circulo
1223 652 1299 692 per
1321 653 1451 692 quem
1473 639 1640 688 transit,

103 712 225 748 motu
258 706 387 759 prImi
420 705 608 756 mobilis,
640 706 768 760 polus
803 707 883 747 celi
919 707 1145 748 stellarum
1182 707 1383 748 fixarum.
1447 707 1497 747 In
1537 707 1642 749 Sole

103 782 252 816 autem
289 781 355 815 est
387 775 529 828 ipsum
561 775 831 828 contingens.
897 776 1026 816 Ponit
1062 775 1200 817 eciam
1240 789 1394 817 omnes
1430 775 1642 829 planetas,

43 865 83 887 10
102 850 247 899 preter
281 843 500 885 Venerem
542 849 587 884 et
629 843 910 895 Mercurium,
947 844 1132 885 situatos
1169 858 1265 885 esse
1307 845 1348 885 in
1392 845 1539 886 medio
1575 847 1641 886 sui

101 913 221 955 orbis
253 913 365 953 inter
397 912 596 966 proprios
627 912 766 966 polos.
828 912 980 953 Venus
1013 919 1178 963 autem,
1209 913 1451 955 secundum
1485 913 1642 968 ipsum,

101 980 290 1021 situatur
318 992 490 1032 semper
516 980 572 1020 ad
602 979 946 1032 septentrionem
975 994 1001 1020 a
1029 994 1109 1021 suo
1136 981 1296 1028 medio,
1319 982 1436 1022 unde
1457 987 1642 1034 apparet

100 1062 274 1101 semper
305 1048 671 1102 septentrionalis.
736 1048 979 1090 Mercurius
1007 1062 1109 1090 vero
1143 1050 1282 1103 magis
1313 1050 1370 1090 ad
1404 1049 1641 1100 meridiem,

102 1117 219 1158 unde
240 1122 422 1171 apparet
444 1129 618 1170 semper
639 1116 948 1158 meridionalis.

43 1206 81 1239 ¹5
162 1186 236 1226 Ex
254 1186 336 1227 hiis
354 1186 498 1239 igitur,
516 1192 726 1239 tanquam
746 1200 802 1226 ex
822 1186 1050 1235 radicibus,
1065 1186 1258 1228 extrahit
1273 1200 1425 1228 causas
1443 1187 1639 1228 omnium

100 1255 426 1308 apparencium,
470 1260 517 1295 ut
560 1254 676 1309 ipsas
708 1255 911 1296 videlicet
953 1256 1368 1308 retrogradaciones,
1409 1257 1640 1308 staciones‚

100 1325 381 1375 direcciones,
401 1324 673 1365 mutaciones
690 1323 876 1377 majores
902 1330 944 1365 et
968 1325 1155 1365 minores
1174 1323 1420 1365 velocitatis
1443 1324 1640 1377 ejusdem

105 1393 294 1447 planete,
328 1399 372 1434 et
404 1393 670 1434 diversitatis
701 1393 955 1446 apparentis
988 1393 1030 1432 in
1062 1405 1214 1433 eorum
1248 1392 1563 1443 latitudinibus,
1597 1400 1641 1434 et

102 1462 343 1504 secundum
386 1462 665 1502 latitudinem
708 1461 928 1502 motibus:
981 1461 1100 1514 quod
1142 1460 1226 1501 hoc
1268 1460 1489 1502 declarare
1528 1468 1641 1502 esset

41 1549 82 1571 20
101 1532 262 1572 librum
300 1545 426 1572 suum
461 1531 654 1572 recitare.
732 1529 820 1583 Qui
857 1530 989 1584 igitur
1023 1529 1177 1570 harum
1213 1530 1444 1571 scienciam
1481 1530 1642 1572 habere

101 1601 335 1651 desiderat,
358 1600 519 1641 librum
541 1613 665 1641 suum
688 1599 920 1654 diligenter
942 1599 1155 1653 inspiciat.

166 1714 415 1770 Capitulum
442 1728 458 1755 1
472 1722 536 1755 1¹⁰.
588 1713 658 1769 <de
678 1713 820 1755 dubiis
840 1715 956 1755 circa
977 1713 1191 1767 opiniones
1213 1713 1352 1768 istas).

159 1807 280 1848 Visis
301 1807 594 1861 opinionibus,
612 1813 705 1847 tam
724 1805 974 1847 Ptholomei
996 1819 1128 1859 quam
1151 1805 1416 1860 Alpetragii,
1434 1807 1642 1861 predictis

101 1876 157 1917 de
199 1875 485 1930 qualitatibus
527 1881 728 1916 motuum
770 1888 1003 1928 corporum
1048 1875 1286 1925 celestium,
1323 1882 1457 1917 restat
1494 1876 1643 1917 videre

42 1963 81 1994 25
101 1946 292 1999 quedam
315 1945 450 1986 dubia
472 1945 585 1986 circa
606 1950 839 1997 utramque
861 1944 1201 1985 circumstancia.

161 2014 308 2054 Primo
350 2014 480 2066 igitur
522 2013 747 2054 dubitatur
788 2013 843 2052 de
884 2012 1087 2066 opinione
1129 2012 1392 2055 Ptholomei.
1469 2014 1641 2055 Primo:

103 2090 249 2125 utrum
286 2084 373 2124 sint
409 2083 498 2124 duo
538 2089 683 2123 motus
724 2081 985 2135 principales
1028 2082 1070 2122 in
1114 2082 1230 2136 ipsis,
1276 2089 1322 2124 ut
1364 2084 1456 2138 ipse
1492 2085 1644 2137 ponit;

102 2165 289 2206 quorum
313 2165 423 2192 unus
457 2152 584 2193 fuerit
615 2151 671 2192 ab
690 2152 857 2192 oriente
883 2152 937 2192 ad
967 2152 1250 2202 occidentem,
1275 2159 1318 2193 et
1348 2152 1458 2193 alius
1490 2166 1514 2193 e
1540 2166 1643 2194 con-

101 2222 250 2263 trario.
314 2221 375 2261 Et
402 2221 574 2262 videtur
605 2221 748 2273 primo
779 2220 898 2274 quod
929 2233 1016 2261 non
1048 2220 1134 2260 sint
1163 2221 1252 2261 duo
1280 2221 1438 2274 primi;
1471 2221 1573 2274 quia
1601 2222 1644 2262 in

43 2306 84 2339 30
102 2290 223 2330 omni
239 2303 398 2344 genere
415 2296 479 2330 est
502 2290 692 2343 primum
711 2303 846 2330 unum
867 2287 1262 2344 simplilcissimum,
1281 2289 1336 2330 ad
1360 2290 1479 2342 quod
1501 2296 1644 2332 cetera

104 2358 217 2399 illius
239 2359 407 2412 generis
434 2358 667 2400 causaliter
699 2358 981 2409 ordinantur;
1011 2372 1145 2411 quare
1174 2358 1218 2398 in
1247 2371 1407 2412 genere
1429 2365 1644 2400 motuum.

105 2427 166 2470 Et
197 2427 282 2469 hoc
311 2428 503 2468 ostendit
528 2427 791 2468 Aristoteles
819 2426 1067 2481 specialiter
1095 2426 1138 2467 in
1169 2427 1212 2467 8⁰
1240 2426 1533 2469 Plzz'sicorum.
1596 2427 1646 2469 Si

104 2497 274 2538 dicatur
290 2496 410 2549 quod
429 2509 515 2537 non
533 2502 599 2537 est
620 2496 813 2537 intencio
832 2495 1081 2536 Ptholomei
1104 2496 1222 2549 quod
1245 2496 1332 2537 sint
1354 2509 1467 2550 eque
1488 2497 1617 2550 primi
1634 2512 1644 2548 3

102 2564 251 2615 immo,
274 2565 385 2606 sicut
416 2571 541 2620 patet
573 2578 630 2605 ex
661 2564 805 2605 verbis
836 2564 937 2614 suis,
961 2570 1106 2605 motus
1136 2564 1192 2604 ab
1225 2565 1391 2606 oriente
1419 2565 1559 2606 eciam
1587 2567 1643 2607 ad

43 2651 82 2683 35
103 2635 377 2677 occidentem
399 2633 654 2687 simpliciter
676 2639 742 2674 est
764 2633 942 2687 primus
966 2639 1008 2674 et
1031 2632 1141 2674 alius
1164 2639 1230 2674 est
1252 2647 1305 2675 eo
1328 2634 1553 2688 posterior.

163 2703 329 2746 Contra
361 2702 445 2744 hoc
483 2708 548 2743 est
585 2702 705 2756 quod
740 2708 887 2743 motus
928 2702 983 2743 ad
1020 2702 1233 2743 orientem
1276 2703 1332 2743 ad
1375 2708 1544 2744 motum
1587 2703 1643 2744 ad

148 2804 190 2824 22
218 2792 318 2833 nuh]
337 2795 411 2826 10¹³.
430 2793 472 2823 M
487 2802 594 2833 marg.
734 2801 776 2830 32
800 2792 1056 2834 Phisieorum]
1074 2791 1143 2823 viii.
1163 2801 1205 2832 54
1221 2801 1293 2832 sqq.

1669 309 1766 343 125a
1785 310 1815 333 2.

1666 2306 1726 2339 125
1743 2298 1765 2330 b
1787 2306 1813 2330 r.
