1945 3079
826 98 908 142 379

37 219 40 222 ⁴
81 210 225 264 seipso
254 207 439 248 distaret
470 210 513 245 et
546 216 623 244 nec
654 214 842 243 vacuum
872 212 951 240 nec
981 197 1147 251 aliquid
1182 197 1223 237 in
1259 195 1420 245 medio,
1451 199 1500 235 ut
1531 193 1621 234 duo

81 279 271 333 parietes
294 273 454 329 lapidei
478 271 610 314 erecti
637 269 789 323 seipsis
812 268 1038 317 distarent,
1061 265 1262 320 quamvis
1285 263 1416 305 nichil
1440 267 1553 303 esset
1578 262 1620 302 in

82 346 239 388 medio.
303 343 382 386 Set
413 341 483 383 hic
516 339 626 381 falsa
662 336 943 391 ymaginacio
976 335 1204 388 decipitur.
1267 334 1384 374 Nam
1419 332 1453 372 si
1486 329 1620 371 nichil

80 421 146 458 est
169 415 212 455 in
243 413 386 455 medio
412 423 517 463 ergo
549 406 799 462 superficies
829 410 974 446 essent
1003 403 1143 453 simul,
1166 402 1268 456 quia
1296 400 1301 456 Ι
1329 414 1418 442 non
1441 400 1620 449 distant,
1639 404 1681 436 O.
1702 413 1739 444 32
1759 413 1789 434 a.

42 496 60 528 5
81 490 125 525 et
157 484 254 525 ideo
285 494 365 522 nec
398 481 508 521 inter
540 477 727 531 parietes
763 487 842 515 nec
877 473 946 514 hic
979 479 1096 513 esset
1128 471 1355 512 distancia.
1425 468 1503 510 Set
1537 467 1620 508 hoc

79 551 352 594 verificatum
385 555 450 590 est
482 546 600 600 prius
633 546 675 586 in
709 541 902 597 capitulo
936 541 987 582 de
1019 554 1162 581 vacuo.
1227 538 1430 580 Secunda
1460 536 1621 577 veritas

80 633 257 664 annexa
287 624 350 659 est
378 615 580 671 specialis
611 612 909 654 consideraeio
938 610 1074 659 vacui,
1105 622 1160 649 an
1195 607 1334 662 possit
1366 620 1460 647 esse
1493 610 1620 645 extra

81 690 235 732 celum.
299 686 432 740 Quod
465 684 580 724 enim
607 695 695 723 non
728 680 866 734 possit
894 693 989 720 esse
1010 690 1198 719 vacuum
1230 677 1273 716 in
1297 688 1440 715 rerum
1464 680 1620 714 natura

81 764 305 800 ostensum
339 761 404 796 est
430 751 436 809 1
466 753 584 806 prius
615 750 892 792 sermonibus
925 746 1254 797 universalibus,
1288 750 1330 784 et
1363 742 1489 784 simul
1521 754 1620 781 cum
1647 745 1745 787 1091)
1766 754 1792 776 1.

25 844 64 867 ιο
81 827 164 868 hoc
187 825 306 880 quod
329 837 416 865 non
439 821 551 863 infra
573 820 715 861 celum
738 833 747 870 ;
779 818 881 871 quia
897 816 1094 870 oportuit
1111 815 1194 855 hoc
1220 812 1499 860 manifestari,
1523 810 1623 863 quia

82 897 125 937 in
147 907 350 937 sermone
371 890 604 934 universali
625 890 822 943 oportuit
845 885 1082 927 excludere
1104 896 1292 924 vacuum
1318 896 1343 923 a
1366 880 1623 933 corporibus

82 964 356 1007 naturalibus
390 975 476 1016 que
512 966 615 1002 sunt
651 957 762 999 infra
795 956 951 1006 celum,
986 960 1051 995 set
1084 965 1222 1006 usque
1251 951 1306 992 ad
1337 950 1454 990 hunc
1477 948 1624 989 locum

83 1040 301 1076 reservata
337 1037 403 1072 est
444 1028 644 1084 specialis
689 1025 988 1068 consideracio
1031 1024 1087 1064 de
1123 1035 1264 1062 vacuo
1301 1025 1429 1060 extra
1466 1018 1623 1060 celum.

83 1103 217 1157 Quod
239 1101 371 1155 igitur
389 1100 432 1140 in
455 1098 672 1152 prioribus
694 1095 1001 1149 supponebam
1020 1091 1183 1146 pluries
1199 1102 1386 1130 vacuum
1408 1100 1497 1127 non
1515 1099 1622 1137 esse,

24 1188 62 1221 ¹5
81 1172 152 1212 hic
173 1169 383 1224 supposui
403 1183 459 1209 ex
476 1165 831 1209 consideracione
849 1160 1079 1204 universali
1095 1174 1182 1214 qua
1199 1158 1435 1212 probatum
1453 1162 1518 1196 est
1535 1168 1623 1195 non

83 1254 211 1294 posse
233 1253 327 1280 esse
354 1250 555 1279 vacuum.
621 1235 732 1275 Dico
762 1234 893 1287 igitur
921 1230 1120 1272 similiter
1151 1229 1195 1268 in
1224 1225 1476 1281 particulari
1506 1224 1625 1278 quod

83 1314 212 1350 extra
232 1307 376 1349 celum
399 1319 484 1346 non
514 1304 654 1358 possit
676 1315 781 1353 esse,
805 1300 1006 1354 quamvis
1029 1296 1237 1352 possibile
1259 1300 1372 1336 esset
1394 1307 1487 1335 esse
1509 1293 1625 1345 alibi,

83 1378 187 1432 quia
199 1389 386 1418 vacuum
402 1387 490 1415 non
508 1373 687 1427 ponitur
701 1385 726 1412 a
741 1368 1012 1424 philosophis
1029 1367 1109 1407 nisi
1124 1371 1306 1418 propter
1323 1362 1626 1416 recepcionem

83 1446 277 1500 corporis
299 1450 343 1486 et
365 1450 536 1485 motum
559 1453 804 1495 corporum,
819 1438 920 1492 quia
942 1437 983 1477 in
1005 1435 1138 1490 pleno
1154 1438 1425 1487 negaverunt
1442 1442 1628 1483 corpora

0 1531 66 1554 120
84 1515 216 1569 recipi
247 1520 291 1555 et
324 1512 502 1563 moveri,
535 1518 578 1552 et
611 1511 711 1551 ideo
748 1511 992 1563 posuerunt
1032 1504 1228 1558 spacium
1261 1502 1430 1543 habens
1461 1500 1625 1541 trinam

83 1583 403 1626 dimensionem
419 1581 510 1622 sine
532 1593 717 1633 corpore
730 1575 929 1624 naturali,
948 1580 996 1615 ut
1014 1573 1153 1628 possit
1168 1572 1360 1625 recipere
1374 1581 1569 1622 corpora,
1583 1572 1627 1607 et

83 1648 168 1695 hoc
191 1652 390 1706 spacium
413 1653 682 1691 vocaverunt
698 1658 899 1688 vacuum.
948 1643 1027 1684 Set
1045 1643 1137 1696 jam
1160 1642 1398 1694 probatum
1417 1643 1484 1678 est
1506 1636 1626 1690 quod

85 1720 342 1776 inpossibile
371 1725 438 1760 est
469 1731 628 1771 corpus
660 1729 753 1758 esse
785 1720 913 1755 extra
945 1711 1176 1759 mundum,
1197 1723 1302 1762 ergo
1328 1721 1409 1748 nec
1440 1718 1628 1747 vacuum

85 1791 177 1841 erit,
207 1790 311 1844 quia
342 1788 502 1829 frustra
530 1791 675 1828 essent
705 1791 748 1826 et
781 1783 934 1825 ociose.
1001 1779 1081 1821 Set
1112 1784 1268 1819 natura
1299 1774 1432 1818 nichil
1466 1773 1631 1829 patitur

26 1873 65 1905 25
85 1860 284 1901 ociosum
307 1864 351 1899 et
374 1856 544 1898 frustra.

147 1928 260 1969 Item
287 1924 553 1968 Aristoteles
585 1923 694 1964 dicit
724 1921 859 1962 tercio
887 1917 1167 1959 Phisicmmz
1196 1914 1316 1968 quod
1340 1913 1383 1953 in
1404 1910 1629 1966 perpetuis

86 2010 176 2038 non
208 1994 356 2036 differt
388 2007 482 2035 esse
514 1999 558 2034 et
589 2005 734 2045 posse,
766 2002 870 2042 ergo
902 2000 1003 2028 cum
1027 1986 1087 2026 ibi
1111 1989 1225 2026 esset
1246 1995 1435 2024 vacuum
1465 1981 1509 2021 in
1532 1993 1631 2033 per-

85 2072 284 2120 petuum,
325 2064 361 2104 si
409 2067 525 2103 esset
576 2066 812 2115 postquam
861 2062 1014 2098 natum
1062 2060 1128 2095 est
1165 2058 1209 2094 et
1249 2057 1397 2106 potest
1439 2049 1632 2102 recipere

86 2148 256 2188 corpus,
289 2132 474 2174 haberet
503 2130 509 2185 1
535 2128 765 2171 actualiter
797 2137 983 2180 corpus;
1015 2123 1096 2164 hec
1129 2128 1195 2163 est
1227 2120 1343 2161 racio
1375 2117 1632 2160 Aristotelis
1653 2124 1691 2156 O.
1711 2132 1750 2164 32
1768 2123 1800 2155 b.

27 2215 68 2248 30
86 2203 160 2244 ibi.

147 2272 262 2313 Item
295 2271 330 2311 si
363 2275 477 2311 esset
509 2267 641 2322 plane
670 2263 953 2307 dimensionis
976 2260 1046 2302 vel
1075 2271 1288 2309 convexe,
1311 2263 1425 2297 esset
1447 2268 1634 2296 vacuum

41 2371 43 2373 ·
89 2341 203 2382 inter
231 2340 313 2381 hoc
336 2352 522 2380 vacuum
553 2343 597 2378 et
627 2335 781 2385 celum,
805 2333 917 2374 sicut
946 2329 1067 2385 prius
1089 2329 1258 2370 dictum
1288 2331 1382 2376 est;
1414 2331 1457 2366 et
1483 2323 1538 2365 de
1561 2321 1636 2364 illo

131 2493 153 2523 6
176 2493 222 2523 de
238 2489 376 2531 vacuo]
393 2489 495 2528 Phys.
515 2489 558 2519 iv.
579 2489 698 2528 50-86.
923 2484 965 2514 26
988 2479 1247 2520 Phisieorum]
1263 2478 1310 2510 iii.
1329 2487 1382 2517 32.

135 2635 150 2656 1
175 2623 333 2664 distaret]
352 2623 517 2654 distarent
535 2620 566 2652 O
686 2616 831 2658 aliquid]
849 2617 986 2647 adesset
1005 2614 1036 2646 Ο
1208 2623 1227 2642 2
1251 2609 1436 2650 distarent]
1455 2612 1587 2640 starent
1606 2606 1636 2638 O

88 2687 150 2716 3-4
178 2676 240 2708 Set
257 2699 264 2707 .
285 2699 292 2706 .
309 2699 317 2707 .
338 2675 453 2706 medio
470 2684 538 2705 om.
555 2672 597 2703 M
712 2682 732 2710 4
757 2668 891 2709 essent]
909 2671 988 2699 sunt
1007 2667 1038 2698 O
1173 2675 1190 2703 7
1215 2674 1349 2696 annexa
1366 2673 1432 2694 om.
1453 2660 1483 2691 O
1572 2659 1634 2700 an]

90 2729 169 2760 dum
187 2727 218 2758 Ο
341 2737 379 2765 17
398 2725 524 2766 possit]
542 2727 654 2764 potest
673 2722 704 2754 Ο
826 2731 866 2760 19
883 2717 1079 2759 corporum]
1098 2717 1246 2749 celorum
1265 2714 1308 2745 M
1432 2723 1474 2752 23
1491 2711 1634 2753 corpus]

89 2789 232 2812 vacuum
251 2788 376 2818 corpus
396 2777 426 2808 O
566 2774 747 2815 mundum]
767 2773 876 2804 celum
893 2771 935 2802 M
1067 2780 1107 2808 27
1133 2767 1265 2808 differt]
1284 2767 1421 2798 differet
1439 2765 1470 2796 Ο
