1945 3079
824 100 904 153 387

92 215 293 250 movetur
323 216 504 263 propter
536 218 707 253 motum
741 212 931 264 alterius,
963 220 1028 255 set
1060 228 1169 268 eque
1203 213 1497 269 principaliter
1520 214 1630 255 inest

89 278 159 319 hic
182 284 327 320 motus
359 279 432 319 uni
465 279 658 321 celorum
690 281 803 322 sicut
834 283 935 334 alii;
969 296 1121 324 omnes
1153 284 1270 324 enim
1302 283 1515 337 equaliter
1540 283 1631 324 nati

87 353 190 388 sunt
219 348 384 388 moveri
415 348 500 389 hoc
533 356 669 400 motu,
693 363 795 391 nam
827 350 897 392 hic
929 357 993 392 est
1027 358 1171 393 motus
1201 352 1340 393 tocius
1369 352 1373 407 Ι
1403 352 1567 403 mundi,
1589 357 1633 393 et
1653 362 1710 386 111
1731 354 1751 385 b
1772 363 1800 385 ²-

89 416 189 458 ideo
223 423 407 470 possunt
439 418 567 459 orbes
599 432 693 460 esse
724 420 881 460 diversi
915 420 1017 461 licet
1049 421 1110 461 sic
1149 428 1418 462 moveantur.
1482 420 1560 463 Set
1597 421 1631 462 si

51 486 70 535 5
90 499 202 528 unus
223 486 405 528 haberet
427 487 544 528 hunc
567 494 737 529 motum
761 489 818 530 ab
839 489 938 540 alio,
961 496 1075 531 esset
1098 497 1201 531 tunc
1224 491 1451 532 dubitacio
1474 492 1631 544 gravis.

91 556 150 597 Et
172 555 351 610 planum
373 563 439 598 est
461 558 516 598 ad
535 557 618 598 hoc
641 558 760 611 quod
778 558 895 599 orbis
918 560 1115 601 diversus
1137 560 1194 601 ab
1209 560 1297 601 alio
1319 573 1408 601 non
1431 566 1633 601 movetur

88 632 268 680 propter
291 632 461 667 motum
484 626 626 667 solum
649 627 754 681 ejus,
778 635 825 669 ut
848 629 943 681 ipso
966 636 1086 670 moto
1108 629 1219 670 alius
1243 635 1472 670 moveatur
1493 628 1632 670 diver-

88 708 161 736 sus
188 694 231 734 in
253 694 506 736 substancia
537 702 581 736 et
608 696 651 736 in
677 698 834 749 specie.
899 697 1001 739 Hoc
1027 698 1143 739 enim
1171 711 1257 739 non
1290 703 1556 751 sequeretur,
1589 702 1633 737 et

89 764 284 805 maxime
301 764 478 816 quando
493 764 670 815 distant,
690 773 738 807 ut
760 766 878 807 orbis
896 766 997 807 lune
1019 768 1077 808 ab
1098 768 1204 808 orbe
1226 768 1367 821 primo
1385 781 1394 818 ;
1427 779 1526 807 nam
1550 766 1632 807 hoc

32 846 72 870 10
91 839 206 874 esset
245 832 498 882 violentum,
540 834 574 874 si
617 848 706 875 non
742 842 856 877 esset
898 849 1056 890 corpus
1097 836 1216 890 quod
1264 842 1417 876 natum
1464 841 1530 876 est
1572 835 1633 875 sic

90 902 265 953 moveri,
289 909 331 944 et
353 903 453 944 ideo
476 904 510 943 si
533 903 602 945 hic
627 910 774 946 motus
788 911 854 946 est
869 904 1051 958 alicujus
1074 905 1205 959 primi
1225 904 1414 954 mobilis,
1435 912 1483 945 ut
1505 904 1633 958 primi

89 971 183 1014 celi.
247 971 370 1014 Sicut
392 972 715 1024 certificabitur,
737 980 915 1028 oportet
932 975 1052 1028 quod
1070 988 1159 1015 non
1177 973 1253 1015 fiat
1268 980 1447 1029 propter
1462 979 1634 1013 motum

89 1040 196 1094 ejus,
217 1047 284 1082 set
313 1048 494 1095 propter
523 1042 803 1084 influenciam
833 1043 1026 1098 aliquam
1058 1057 1143 1097 que
1174 1043 1253 1085 fiat
1282 1043 1338 1084 ab
1367 1056 1421 1083 eo
1452 1042 1494 1082 in
1524 1041 1634 1083 alios

89 1117 164 1151 aut
185 1124 210 1151 a
233 1117 404 1151 motore
425 1125 517 1151 suo.
580 1111 640 1153 Et
657 1118 805 1166 potest
827 1113 931 1166 poni
958 1113 1078 1166 quod
1103 1112 1244 1154 celum
1268 1112 1460 1166 primum
1483 1117 1527 1152 et
1543 1111 1635 1165 ejus

32 1191 69 1223 15
91 1185 237 1220 motor
254 1179 413 1220 faciant
435 1180 643 1221 virtutem
666 1195 792 1222 suam
817 1181 859 1222 in
875 1182 1003 1222 orbes
1025 1181 1147 1229 alios,
1169 1182 1282 1223 sicut
1298 1193 1478 1234 magnes
1492 1180 1535 1220 in
1552 1179 1634 1220 fer-

89 1261 196 1298 rum,
208 1255 251 1289 et
265 1248 364 1289 ideo
383 1255 612 1290 moventur
626 1250 881 1291 naturaliter
894 1252 1134 1292 secundum
1151 1256 1321 1291 motum
1337 1248 1414 1290 celi
1428 1249 1569 1302 primi,
1583 1248 1636 1289 si-

91 1323 164 1358 cut
186 1316 346 1357 ferrum
370 1318 611 1358 secundum
635 1324 806 1359 motum
830 1319 1046 1373 magnetis
1064 1324 1301 1373 postquam
1318 1318 1527 1358 virtutem
1544 1330 1636 1357 ma-

90 1386 233 1440 gnetis
247 1387 472 1440 receperit.
503 1386 563 1428 Et
578 1386 676 1428 ideo
687 1401 786 1441 pars
800 1388 918 1428 orbis
933 1387 1145 1428 inferioris
1159 1387 1400 1429 constituta
1414 1386 1455 1426 in
1471 1386 1637 1426 oriente

90 1455 172 1496 sub
190 1461 315 1508 parte
337 1455 452 1495 orbis
474 1455 602 1510 primi
627 1456 874 1496 movebitur
896 1457 1138 1498 secundum
1163 1455 1495 1496 inclinacionem
1519 1454 1637 1495 orbis

34 1541 74 1564 20
92 1523 235 1578 primi,
249 1529 294 1564 et
310 1524 506 1577 sequitur
524 1530 695 1565 motum
712 1523 805 1577 ejus
822 1531 1039 1578 quantum
1054 1524 1287 1565 influencia
1303 1523 1377 1564 illa
1392 1529 1552 1577 potest,
1576 1523 1638 1563 ita

10 1581 13 1584 ¹
91 1599 138 1648 ut
162 1593 344 1645 quidam
374 1593 544 1634 tardius
573 1593 755 1647 quidam
790 1593 926 1635 cicius
958 1600 1233 1643 moveantur,
1255 1593 1498 1634 secundum
1517 1591 1637 1645 quod

92 1661 234 1715 majus
275 1668 319 1703 et
356 1662 497 1702 minus
530 1661 696 1703 habent
729 1662 786 1703 de
827 1662 909 1703 hac
952 1662 1198 1712 influmcia,
1241 1661 1285 1703 et‘
1322 1661 1639 1702 incurtaciones

93 1731 279 1784 majores
322 1737 366 1772 et
408 1731 596 1772 minores
633 1731 799 1772 faciunt
834 1745 859 1772 a
893 1738 1016 1772 motu
1059 1731 1189 1784 primi
1225 1731 1354 1771 orbis.
1435 1729 1515 1771 Set
1558 1729 1638 1770 hec

92 1799 266 1841 inferius
288 1806 578 1854 exponentur,
601 1799 777 1840 uberius
800 1814 880 1840 suo
912 1799 1021 1842 Ioco.
1084 1799 1132 1841 Si
1156 1813 1259 1840 vero
1284 1798 1500 1840 obiciatur
1520 1798 1640 1852 quod

33 1876 71 1908 ²5
91 1868 358 1910 Aristoteles
375 1869 482 1909 dicit
505 1869 646 1910 celum
665 1882 760 1910 esse
776 1882 862 1909 non
877 1868 1255 1922 sejunctum‚ergo
1280 1873 1346 1908 est
1368 1867 1642 1917 continuum,

91 1943 135 1978 et
165 1936 372 1991 Averoys
404 1938 672 1987 concordat;
704 1938 943 1978 dicendum
976 1943 1042 1978 est
1073 1939 1194 1991 quod
1228 1937 1423 1989 loquitur
1454 1936 1508 1976 de
1531 1949 1640 1989 quo-

90 2006 200 2047 libet
226 2006 338 2057 celo,
361 2013 405 2048 et
437 2007 542 2047 orbe
571 2006 719 2047 celesti
748 2020 826 2059 per
852 2019 899 2047 se
924 2013 1116 2060 sumpto,
1138 2006 1317 2054 scilicet,
1341 2011 1557 2059 quantum
1587 2004 1644 2045 ad

92 2075 334 2129 principale
364 2089 522 2130 corpus
554 2089 682 2129 spere
713 2075 827 2127 talis,
849 2089 936 2116 non
968 2077 1023 2117 de
1055 2081 1151 2117 toto
1184 2089 1367 2129 corpore
1398 2076 1454 2116 ab
1487 2074 1643 2115 ultima

92 2144 448 2187 circumferencia
470 2158 667 2187 convexa
690 2158 828 2198 usque
850 2145 905 2186 ad
929 2144 1126 2186 infimam
1152 2157 1388 2187 concavam
1412 2157 1498 2197 que
1520 2148 1642 2184 tenet

36 2232 77 2263 30
93 2214 220 2256 orbes
243 2214 544 2256 elementares.

157 2408 405 2462 Capitulum
426 2408 658 2450 secundum
688 2406 693 2463 Ι
720 2406 788 2461 <de
809 2421 988 2449 numero
1013 2406 1235 2461 celorum).

144 2521 206 2563 >Si
230 2522 364 2576 igitur
386 2521 467 2562 celi
489 2522 576 2562 sint
592 2520 754 2562 diversi
777 2520 821 2560 in
843 2533 1042 2570 numero,
1061 2519 1429 2561 considerandum
1452 2525 1520 2560 est
1537 2525 1645 2571 quot
1667 2532 1724 2555 ιη
1742 2534 1761 2556 a
1781 2533 1806 2555 1.

96 2598 208 2633 sunt.
270 2591 330 2631 Et
353 2604 505 2632 omnes
526 2597 617 2632 tam
642 2588 861 2630 naturales
883 2602 1015 2642 quam
1047 2588 1348 2630 mathematici
1377 2588 1646 2629 concordant

97 2660 215 2713 quod
237 2659 326 2701 sint
339 2665 453 2709 octo,
476 2666 525 2701 ut
551 2658 694 2701 celum
718 2657 947 2701 stellatum
972 2663 1015 2698 et
1033 2664 1204 2711 septem
1229 2670 1356 2710 spere
1370 2655 1646 2711 planetarum

139 2793 180 2831 25
204 2782 445 2824 Aristoteles]
460 2781 499 2813 de
515 2781 588 2813 Celo
604 2786 632 2814 et
647 2780 778 2813 Mundo
794 2780 827 2811 ii.
841 2791 893 2820 47.

808 2845 840 2876 D
863 2836 891 2876 d
913 2847 937 2878 2
