1945 3079
121 1766 268 1798 11422.

1019 52 1106 94 394

282 159 434 214 specie,
457 164 504 198 ut
527 161 675 212 partes
693 162 807 197 terre
825 168 978 197 omnes
995 156 1268 198 descendunt
1286 157 1342 198 ad
1361 162 1573 204 centrum,
1599 161 1642 197 et
1666 161 1835 196 remoto

284 227 474 268 inferiori
497 226 699 281 superius
722 225 982 267 naturaliter
1012 225 1250 276 descendit,
1275 233 1319 268 et
1345 226 1406 267 sic
1429 226 1484 267 de
1506 239 1621 280 aqua
1643 225 1686 266 in
1709 238 1837 279 spera

281 311 371 346 sua,
397 297 500 350 quia
521 309 677 350 graves
700 301 802 336 sunt
828 294 870 335 in
892 295 1030 349 speris
1052 295 1153 344 suis,
1178 295 1289 349 ignis
1309 309 1414 337 vero
1436 295 1539 350 quia
1560 294 1702 335 solum
1730 294 1837 335 levis

284 373 350 407 est
384 367 427 407 in
467 379 594 420 spera
636 378 728 415 sua,
764 364 864 406 ideo
902 369 1026 418 parte
1062 365 1276 418 superiori
1311 371 1484 406 remota
1527 378 1628 419 pars
1659 363 1836 405 inferior

283 433 493 475 ascendit.
546 432 660 474 Cum
684 445 790 485 ergo
813 431 873 473 sic
895 436 962 472 est
985 437 1164 485 propter
1186 431 1515 486 idemptitatem
1538 430 1710 485 speciei,
1732 436 1837 472 tunc
1854 446 1872 480 5

284 503 319 544 si
362 503 492 544 orbes
535 508 679 543 essent
723 501 923 555 ejusdem
970 501 1146 554 speciei,
1193 507 1365 542 remoto
1409 495 1598 542 inferiori
1640 499 1838 553 superior

283 571 583 621 descenderet,
604 571 672 612 vel
691 577 842 612 amoto
862 570 1086 624 superiore
1109 569 1284 611 inferior
1302 576 1431 611 natus
1453 576 1570 611 esset
1586 570 1835 611 ascendere.

288 641 409 696 Ergo
431 641 521 682 nati
543 647 671 682 erunt
694 654 871 681 movere
894 645 1019 681 motu
1043 645 1163 682 recto
1183 656 1191 680 ε
1226 640 1346 693 quod
1370 645 1438 680 est
1460 637 1729 694 inpossibile.

345 710 393 752 Si
424 724 528 752 vero
559 710 732 751 dicatur
757 710 877 764 quod
910 710 1104 764 quinque
1135 715 1236 750 sunt
1267 722 1454 763 corpora
1486 708 1638 749 mundi
1665 708 1840 749 diversa

286 794 365 834 per
396 780 653 831 essenciam,
685 780 748 820 ita
779 785 826 820 ut
858 779 1001 821 celum
1034 786 1224 833 ponatur
1256 793 1350 820 esse
1382 776 1537 832 quinta
1568 778 1763 818 essencia
1795 784 1838 819 et
1860 793 1900 816 10

285 856 453 899 natura,
505 863 610 903 ergo
663 849 776 890 sicut
820 848 1020 902 quolibet
1064 850 1119 890 de
1162 854 1351 902 quatuor
1397 855 1464 889 est
1508 848 1635 888 unius
1681 854 1838 889 nature

285 920 525 961 secundum
558 919 765 973 speciem,
797 919 857 959 sic
888 918 968 960 hec
1001 919 1183 972 quinta:
1216 918 1456 959 dicendum
1493 923 1559 959 est
1593 918 1713 972 quod
1745 930 1833 958 non

286 989 495 1042 sequitur,
516 989 620 1042 quia
652 988 732 1028 hec
765 988 921 1041 quinta
954 994 1112 1028 natura
1142 988 1357 1028 dividitur
1387 993 1542 1029 contra
1573 992 1763 1041 quatuor
1795 987 1840 1027 in

286 1065 504 1112 quantum
533 1058 614 1099 hec
645 1063 837 1111 quatuor
862 1062 964 1098 sunt
997 1071 1084 1098 una
1110 1057 1464 1105 natura,-scilicet
1487 1056 1766 1097 elementaris
1796 1056 1840 1096 in

287 1124 491 1180 generali,
513 1131 556 1166 et
581 1130 731 1165 tamen
753 1130 855 1165 sunt
878 1124 1048 1165 diverse
1069 1130 1226 1164 nature
1248 1123 1474 1177 speciales,
1496 1130 1539 1164 et
1562 1123 1662 1164 ideo
1684 1122 1838 1178 simili·
1863 1139 1901 1172 15

287 1202 355 1236 ter
377 1200 528 1249 potest
560 1194 702 1235 celum
735 1208 813 1248 per
841 1199 1044 1235 naturam
1077 1193 1327 1248 generalem
1361 1193 1495 1234 dividi
1521 1194 1578 1234 ab
1609 1193 1841 1234 elementis

288 1270 491 1318 quatuor,
513 1263 614 1304 licet
637 1263 680 1303 in
702 1277 748 1304 se
771 1263 933 1304 habeat
955 1264 1149 1304 diversas
1174 1270 1354 1304 naturas
1375 1263 1600 1316 speciales.

348 1333 396 1374 Si
420 1333 591 1374 dicatur
612 1333 733 1385 quod
749 1320 934 1386 corpora
956 1331 1252 1381 elementaria,
1271 1332 1512 1373 secundum
1534 1332 1653 1386 quod
1669 1331 1842 1373 diversa

287 1409 389 1444 sunt
419 1402 663 1443 secundum
696 1402 899 1456 speciem,
931 1401 1098 1443 habent
1127 1402 1345 1443 diversam
1379 1402 1602 1442 raritatem
1627 1401 1840 1456 majorem

289 1479 333 1513 et
357 1473 582 1523 minorem,
603 1477 669 1513 set
692 1471 836 1513 celum
859 1479 926 1513 est
955 1472 1151 1526 ejusdem
1178 1472 1369 1513 raritatis
1395 1472 1639 1513 secundum
1662 1485 1840 1513 sensum
1863 1486 1904 1509 20

290 1556 378 1583 non
399 1548 550 1584 tamen
572 1542 812 1583 secundum
836 1542 1079 1583 veritatem.
1146 1542 1205 1583 Et
1238 1549 1386 1596 potest
1421 1542 1506 1582 dici
1539 1542 1660 1595 quod
1692 1555 1767 1583 aer
1797 1546 1843 1582 et

289 1612 402 1667 ignis
425 1617 527 1653 sunt
549 1612 722 1652 diversa
754 1611 992 1652 secundum
1015 1611 1208 1665 speciem
1235 1618 1279 1653 et
1301 1619 1450 1654 tamen
1478 1613 1520 1652 in
1543 1625 1624 1653 suo
1652 1610 1842 1653 confinio

288 1680 561 1723 consimilem
604 1681 831 1722 raritatem
866 1688 910 1722 et
951 1681 1155 1735 equalem
1192 1681 1371 1731 habent,
1408 1681 1566 1723 saltem
1598 1682 1841 1723 secundum

290 1764 482 1799 sensum,
504 1757 547 1791 et
571 1750 671 1791 ideo
688 1755 836 1803 potest
857 1750 926 1791 hic
949 1764 1044 1791 esse
1067 1750 1293 1791 similiter:
1324 1750 1329 1805 1
1357 1751 1594 1792 dicendum
1617 1757 1685 1793 est
1708 1751 1841 1806 igitur

291 1821 409 1874 quod
444 1833 588 1860 rarum
628 1826 671 1861 et
708 1821 894 1861 densum
933 1833 1021 1860 non
1061 1819 1226 1862 faciunt
1267 1820 1567 1862 diversitatem
1601 1821 1841 1862 secundum
1864 1838 1902 1871 25

291 1891 496 1944 speciem,
520 1903 599 1931 nec
626 1891 681 1931 de
703 1890 965 1930 necessitate
987 1896 1275 1931 consecuntur
1297 1891 1353 1932 ad
1383 1904 1493 1939 eam,
1515 1897 1582 1932 set
1603 1891 1843 1944 aliquando

291 1960 646 2001 concomitantur
668 1973 780 2008 eam,
803 1960 1044 2014 aliquando
1067 1973 1168 2001 non.

352 2029 400 2070 Si
441 2029 613 2070 dicatur
649 2030 769 2082 quod
806 2029 966 2070 fraccio
1004 2030 1224 2072 radiorum
1268 2043 1356 2071 non
1402 2037 1467 2072 est
1511 2031 1553 2071 in
1596 2030 1840 2080 celestibus,

292 2106 336 2140 et
358 2105 459 2139 sunt
483 2098 653 2140 diversa
675 2112 860 2152 corpora
882 2100 1123 2140 secundum
1149 2113 1391 2150 numerum,
1415 2113 1520 2153 ergo
1543 2114 1620 2155 per
1642 2101 1842 2153 predicta

293 2169 349 2209 de
371 2168 662 2210 fraccionibus
685 2175 863 2222 oportet
895 2169 1017 2221 quod
1042 2169 1133 2210 sint
1163 2168 1361 2222 ejusdem
1395 2176 1551 2211 nature
1572 2175 1616 2210 et
1643 2169 1842 2223 dyapha-
1863 2184 1906 2217 30

294 2237 500 2278 neitatis:
531 2237 624 2290 jam
657 2243 781 2292 patet
814 2237 982 2278 solucio
1005 2245 1063 2279 θΧ
1095 2238 1226 2279 dictis
1247 2239 1366 2292 quod
1399 2251 1488 2280 non
1509 2239 1569 2281 sit
1601 2238 1659 2279 ibi
1683 2238 1843 2280 fraccio

293 2308 536 2348 secundum
554 2320 743 2356 sensum,
768 2307 868 2348 licet
884 2307 1129 2348 secundum
1153 2308 1387 2349 veritatem
1407 2308 1545 2362 possit
1561 2321 1670 2359 esse,
1690 2321 1844 2350 secun-

294 2376 400 2416 dum
424 2377 545 2429 quod
570 2376 628 2416 ibi
650 2376 823 2418 diversa
845 2383 911 2418 est
935 2377 1256 2431 diaphaneitas.
1320 2377 1379 2418 Et
1411 2378 1512 2419 licet
1534 2378 1622 2419 sint
1644 2378 1843 2432 ejusdem

292 2443 637 2496 diaphaneitatis
684 2444 925 2483 secundum
972 2457 1161 2496 sensum,
1213 2451 1258 2486 et
1301 2445 1388 2486 sint
1435 2444 1632 2497 ejusdem
1675 2450 1845 2494 nature,

293 2518 509 2565 quantum
552 2512 607 2553 ad
663 2519 866 2554 naturam
910 2513 1133 2567 diaphani,
1184 2519 1333 2555 tamen
1387 2527 1477 2555 non
1518 2520 1734 2567 quantum
1787 2514 1843 2556 ad
1863 2529 1905 2562 35

293 2581 545 2636 specificam
588 2588 792 2623 naturam
834 2581 1189 2624 substancialem.
1279 2583 1452 2624 Natura
1493 2583 1611 2624 enim
1639 2583 1845 2625 ·raritatis

292 2651 489 2702 sequitur
529 2650 641 2691 bene
674 2650 844 2691 diversa
886 2652 1125 2693 secundum
1168 2658 1346 2693 naturas
1377 2651 1612 2706 specificas,
1652 2651 1756 2706 quia
1787 2653 1843 2694 ad

337 2750 387 2779 34,
416 2750 457 2780 35
484 2741 764 2781 diaphoneitatis,
785 2742 949 2782 diaphoni
973 2742 1046 2774 MS.
