1945 3079
162 476 289 518 94b1.

160 1447 289 1479 O.6a.

1044 89 1126 131 322

315 198 379 233 est
403 192 647 245 composita
670 204 727 232 ex
751 191 922 232 duabus
941 191 1348 246 proporcionalibus
1367 205 1452 245 que
1471 197 1570 232 sunt
1594 191 1679 232 due
1697 191 1864 244 equali·
1914 186 1918 190 ⁴

313 268 427 302 tates
445 261 733 302 medietatum
751 261 972 314 dyametri
991 261 1045 302 ad
1065 261 1460 314 semidyametrum
1483 275 1491 312 ;
1525 266 1591 302 set
1615 260 1689 302 illa
1707 261 1863 301 eadem

313 330 591 384 componitur
622 344 680 371 ex
712 331 1003 385 proporcione
1036 330 1257 384 dyametri
1290 331 1348 371 ad
1380 336 1548 372 costam
1579 329 1838 384 dupplicata
1855 343 1866 380 ;

312 414 426 454 ergo,
450 400 684 455 proporcio
715 400 937 452 dyametri
965 401 1020 441 ad
1048 406 1217 441 costam
1242 406 1307 441 est
1330 413 1417 441 una
1440 400 1496 440 de
1518 399 1600 440 illis
1623 398 1865 453 equalibus,

313 476 356 511 et
394 470 456 511 ita
483 469 486 525 Ι
517 470 750 523 proporcio
792 470 1013 523 dyametri
1057 470 1114 510 ad
1157 475 1325 510 costam
1369 469 1449 510 erit
1491 468 1727 523 subdupla.
1792 468 1903 517 Sic5

312 539 445 593 igitur
475 539 747 581 Democritei
780 540 963 580 obviant
996 537 1518 580 incommensurabilitati
1553 538 1776 590 dyametri
1807 538 1865 580 ad

311 615 481 650 costam
515 622 646 662 super
678 622 813 662 quam
845 608 1081 649 adversarii
1113 607 1179 649 sui
1214 603 1489 650 fundantur(
1527 606 1682 648 Multis
1714 613 1866 648 autem

313 679 456 720 modis
488 685 635 733 potest
667 679 795 719 aliter
826 678 1008 730 obviari,
1033 677 1212 728 scilicet,
1234 691 1313 732 per
1343 690 1508 718 nonam
1541 683 1584 718 et
1621 682 1723 728 19am
1748 676 1866 718 sexti

313 749 411 789 libri
445 756 488 790 et
520 763 598 803 per
622 754 721 790 12⁸OE
750 748 961 802 ejusdem,
988 753 1033 788 et
1064 748 1159 788 aliis
1193 747 1337 788 modis
1369 746 1583 788 similiter.
1648 745 1730 788 Set
1761 745 1866 800 quia

312 831 397 858 non
433 825 499 859 est
536 818 762 872 proprium
790 817 860 858 hic
890 817 1101 870 explicari
1141 817 1224 858 ista
1261 817 1362 857 ideo
1401 816 1680 870 supersedeo,
1723 821 1864 856 trans·
1887 835 1928 857 10

313 888 491 928 mittens
522 901 680 942 purum
710 886 955 928 naturalem
985 886 1041 927 ad
1070 900 1121 927 ea
1147 899 1234 939 que
1260 886 1448 939 exposui
1472 899 1604 939 super
1626 885 1864 939 septimam

311 957 470 998 decimi
492 957 821 998 Elementorum
846 956 1058 997 Euclidis.

373 1074 622 1130 Capitulum
647 1082 714 1130 3¹³³.
781 1075 860 1129 <de
880 1076 1125 1130 corporibus
1147 1075 1371 1116 mobilibus
1392 1081 1510 1116 motu
1532 1074 1689 1128 recto).
1732 1132 1736 1136 .

370 1161 416 1203 Si
447 1163 578 1216 igitur
603 1168 750 1217 partes
781 1163 931 1203 mundi
965 1168 1067 1203 sunt
1094 1161 1218 1203 finite
1244 1167 1287 1202 et
1316 1160 1564 1212 dissimiles,
1587 1168 1635 1203 ut
1661 1158 1863 1204 habitum

310 1237 375 1272 est
404 1231 539 1285 prius,
562 1238 605 1273 et
634 1231 870 1284 probatum
905 1237 971 1272 est
1003 1231 1123 1286 quod
1156 1231 1212 1272 ad
1248 1231 1394 1272 minus
1426 1237 1529 1272 sunt
1560 1232 1657 1282 due,
1686 1231 1864 1284 scilicet,
1885 1252 1923 1285 15

310 1314 467 1354 corpus
484 1301 648 1342 mobile
663 1307 786 1342 motu
811 1307 931 1342 recto
949 1306 993 1342 et
1008 1314 1166 1354 corpus
1187 1300 1349 1341 mobile
1372 1306 1496 1341 motu
1521 1300 1734 1351 circulari,
1750 1315 1864 1343 nunc

309 1370 445 1410 tercio
474 1371 844 1411 considerandum
877 1377 943 1412 est
976 1371 1097 1423 quod
1130 1376 1307 1424 oportet
1340 1383 1434 1410 esse
1466 1376 1657 1423 quatuor
1679 1383 1864 1424 corpora

312 1438 494 1480 mobilia
532 1446 655 1481 motu
695 1447 814 1481 recto
849 1454 937 1493 que
969 1453 1180 1481 vocamus
1213 1446 1374 1481 terram
1405 1452 1566 1492 aquam
1600 1453 1748 1481 aerem
1781 1438 1785 1495 Ι
1818 1446 1863 1481 et

311 1508 471 1563 ignem.
537 1508 608 1550 De
637 1510 775 1550 tribus
804 1509 918 1550 enim
955 1509 1233 1550 manifestum
1270 1516 1337 1550 est
1374 1509 1531 1559 sensui,
1566 1516 1614 1550 ut
1647 1515 1773 1564 patet
1805 1510 1863 1551 de

311 1584 427 1618 terra
450 1584 493 1619 et
516 1591 632 1631 aqua
655 1579 786 1620 maris
808 1593 894 1632 que
916 1586 1016 1620 sunt
1040 1579 1214 1632 adjecta
1233 1578 1343 1619 visui
1366 1579 1422 1619 ad
1446 1592 1578 1631 quem
1602 1578 1862 1621 terminatur
1881 1598 1925 1621 20

310 1647 439 1688 visus.
513 1646 609 1688 Aer
646 1653 794 1688 autem
822 1654 888 1688 est
916 1649 1089 1689 medius
1117 1648 1159 1688 in
1193 1647 1287 1688 visu
1317 1661 1404 1701 que
1438 1647 1860 1702 comprehendimus

312 1716 536 1757 mediante
565 1730 705 1766 sensu,
729 1731 806 1770 per
834 1717 917 1759 hoc
941 1719 1062 1771 quod
1085 1723 1187 1771 post
1211 1717 1354 1771 ipsum
1378 1717 1566 1758 occurrit
1592 1717 1779 1758 densum
1802 1718 1859 1760 ad

309 1786 429 1838 quod
450 1786 567 1826 visus
591 1787 862 1830 terminatur.
928 1787 987 1829 Et
1011 1801 1110 1828 cum
1134 1794 1238 1828 ante
1271 1787 1459 1828 densum
1487 1800 1573 1828 non
1599 1788 1861 1830 terminatur

309 1856 439 1904 visus,
460 1856 710 1909 judicamus
729 1857 840 1898 inter
856 1858 999 1911 ipsum
1019 1865 1063 1899 et
1080 1871 1160 1899 nos
1179 1871 1274 1898 esse
1292 1870 1449 1911 corpus
1473 1870 1629 1906 rarum,
1648 1859 1857 1912 quoniam

308 1939 494 1966 vacuum
518 1940 612 1967 esse
633 1940 720 1968 non
743 1934 903 1981 potest.
968 1927 1040 1970 Sic
1070 1928 1187 1969 enim
1216 1940 1293 1980 per
1315 1927 1498 1968 densum
1523 1927 1858 1980 comprehendi-
1878 1940 1918 1973 25

311 2009 406 2036 mus
435 1997 727 2049 perspicuum,
751 2003 799 2037 ut
831 1997 991 2039 docent
1023 2004 1200 2038 autores
1235 1996 1528 2050 Perspective.
1593 1997 1707 2038 Item
1742 2004 1859 2039 terra

311 2071 355 2105 et
386 2079 502 2119 aqua
531 2066 776 2108 necessaria
808 2073 909 2107 sunt
939 2073 1120 2121 propter
1152 2068 1486 2121 generacionem
1523 2067 1780 2108 animalium
1814 2073 1859 2109 et

310 2134 563 2188 plantarum
586 2142 630 2177 et
652 2136 943 2177 mineralium.
1000 2137 1118 2177 Nam
1143 2151 1200 2178 ex
1224 2143 1339 2177 terra
1361 2142 1405 2177 et
1426 2149 1541 2189 aqua
1564 2136 1857 2178 necessarium

310 2209 375 2244 est
416 2205 565 2245 omnia
607 2205 863 2247 naturaliter
904 2212 1116 2247 constare.
1199 2205 1294 2246 Aer
1336 2218 1441 2246 vero
1482 2205 1749 2247 necessarius
1791 2212 1859 2248 est

309 2273 572 2314 animalibus
596 2274 927 2328 respirantibus,
945 2275 1049 2329 quia
1071 2274 1165 2316 sine
1191 2288 1243 2315 eo
1260 2274 1406 2314 vivere
1427 2274 1516 2314 non'
1537 2280 1733 2327 possent.
1778 2273 1857 2316 Set
1878 2287 1921 2319 30

309 2344 344 2383 si
367 2344 448 2383 hee
469 2349 569 2383 sunt
594 2350 739 2396 partes
762 2344 929 2393 mundi,
952 2344 1196 2385 necessario
1225 2334 1329 2398 ergo
1356 2349 1563 2395 quartum
1587 2342 1855 2385 elementum

357 2450 392 2470 11
418 2450 463 2470 ea
479 2451 549 2477 que
567 2440 743 2481 exposui]
762 2441 822 2472 i.e.
841 2441 875 2471 in
893 2440 951 2471 the
968 2439 1173 2472 Communia
1192 2438 1446 2470 mathematice.
1639 2441 1682 2470 26
1705 2443 1856 2471 autores

309 2494 566 2536 Perspeetive]
594 2495 613 2525 i.
629 2505 658 2526 e.
679 2495 809 2534 Euelid,
829 2495 987 2534 Ptolemy
1004 2495 1071 2526 and
1087 2494 1253 2525 Alhazen.

354 2595 383 2623 2,
401 2595 421 2624 3
438 2584 742 2623 semidyametrum
762 2607 768 2614 .
792 2609 795 2611 .
817 2607 824 2614 .
844 2589 972 2614 costam
991 2582 1204 2623 dupplicata]
1222 2582 1310 2613 illam
1330 2581 1614 2622 dupplicatamM
1632 2608 1640 2613 .
1743 2594 1762 2622 4
1780 2583 1854 2625 est]

309 2638 374 2669 erit
393 2637 423 2668 Ο
544 2637 564 2667 8
583 2636 680 2677 19am]
696 2637 798 2666 xamO
922 2645 961 2666 10
985 2635 1218 2676 supersedeo]
1235 2635 1441 2674 supersedet
1461 2635 1492 2666 Ο
1621 2645 1656 2666 11
1675 2635 1854 2676 septimam

308 2689 450 2731 decimi]
468 2689 637 2720 decimum
651 2688 694 2719 M
776 2699 814 2728 13
832 2699 898 2720 om.
919 2688 949 2720 Ο
1022 2698 1060 2727 14
1078 2688 1130 2729 ut]
1149 2693 1184 2718 ut
1201 2698 1291 2719 nunc
1311 2687 1342 2718 O
1413 2698 1450 2727 15
1477 2689 1571 2727 prius
1592 2688 1641 2730 et]
1661 2692 1695 2719 et
1712 2689 1807 2730 prius
1826 2688 1857 2719 Ο

309 2753 352 2773 20
375 2741 524 2782 adjecta]
542 2742 672 2781 objecta
692 2741 722 2772 O
858 2751 896 2772 21
925 2739 1074 2781 medius]
1091 2740 1238 2771 medium
1273 2739 1304 2771 Ο
1475 2751 1517 2770 22
1543 2740 1672 2782 ipsum]
1707 2740 1788 2772 illud
1825 2740 1856 2771 O

310 2804 350 2832 27
376 2793 586 2834 animalium]
603 2793 758 2824 animalis
775 2792 815 2822 M
874 2794 916 2823 28
942 2792 1192 2833 necessarium]
1209 2802 1353 2823 necesse
1373 2791 1404 2821 O
1471 2801 1510 2830 31
1538 2793 1603 2823 hee
1620 2792 1716 2834 sunt]
1734 2793 1804 2824 sint
1824 2792 1855 2824 Ο
