1945 3079
146 1538 272 1571 93a1.

1017 78 1102 132 316

290 206 567 255 punctorum,
590 197 692 251 quia
715 197 800 237 due
829 201 1012 249 possunt
1035 193 1262 235 terminari
1290 194 1345 234 ad
1374 207 1424 234 ea
1457 200 1500 234 et
1528 193 1650 235 exire
1680 193 1737 235 ab
1763 193 1838 244 eis,

289 277 356 311 set
388 269 494 310 illud
532 280 618 308 non
658 265 855 319 impedit,
887 264 991 318 quia
1027 263 1238 318 possibile
1272 268 1338 304 est
1373 276 1506 304 unam
1540 263 1703 305 lineam
1735 263 1838 305 duci

290 354 315 380 a
334 343 499 393 puncto
522 336 596 378 illo
620 335 742 389 tercij
771 336 967 390 corporis
989 335 1044 375 ad
1068 339 1281 388 punctum
1304 346 1439 374 unum
1464 333 1506 373 in
1533 346 1620 374 uno
1643 346 1840 387 corpore,

290 416 333 450 et
365 409 422 449 ad
454 407 580 462 plura
611 412 776 461 puncta
807 404 851 445 in
882 404 1081 460 pluribus
1114 402 1381 457 corporibus,
1416 402 1520 456 quia
1551 403 1643 444 duo
1674 408 1840 456 puncta

287 478 413 520 simul
435 477 579 533 posita
596 475 761 517 habent
778 476 964 516 eandem
985 472 1291 515 indivisionem
1306 486 1439 526 quam
1458 471 1594 514 unum
1613 479 1840 528 punctum,
1861 489 1879 522 5

290 555 334 590 et
353 547 651 602 privacionem
675 545 902 587 divisionis
924 542 1144 597 equalem,
1165 549 1209 584 et
1232 543 1333 584 ideo
1355 556 1443 584 non
1461 550 1610 597 potest
1635 543 1840 597 impediri

291 619 396 673 quin
433 617 505 658 illa
540 616 654 657 linea
692 615 833 670 possit
867 614 1009 655 facere
1043 612 1230 666 angulos
1264 618 1407 653 rectos
1445 626 1548 654 cum
1585 612 1842 655 aliis‘lineis

292 686 561 730 exeuntibus
584 687 640 727 ab
664 684 746 725 illis
774 684 960 739 punctis.
1023 683 1127 724 Non
1150 689 1301 724 tamen
1324 683 1406 724 erit
1435 681 1550 724 linea
1572 696 1660 723 una
1692 696 1842 725 secun-

292 759 398 800 dum
420 757 666 804 veritatem,
689 761 754 795 set
787 753 1028 795 secundum
1052 752 1454 794 consideracionem
1478 751 1839 794 mathematicam

291 827 425 882 quod,
452 825 557 880 quia
578 824 833 879 expositum
860 829 928 865 est
951 823 1070 876 prius
1092 822 1134 862 in
1164 821 1248 862 hoc
1273 821 1549 876 Pllz‘losoplzie
1575 821 1842 876 Compendz‘o,
1863 836 1904 860 10

294 896 474 945 scilicet,
496 908 628 948 super
655 893 773 934 illam
808 891 1233 946 quartamdecimam
1264 891 1619 946 proposicionem
1645 898 1688 933 et
1710 905 1843 946 super

289 966 474 1009 terciam
505 963 857 1019 proposicionem
891 962 1109 1003 undecimi
1143 961 1239 1002 libri
1272 961 1613 1011 Elementorum,
1636 967 1680 1002 et
1711 974 1843 1016 super

290 1035 553 1091 principium
586 1032 860 1088 Th(e)odosii
884 1032 937 1073 de
967 1031 1131 1085 Spe7z‘s,
1160 1031 1415 1072 transmitto
1444 1031 1652 1073 lectorem
1681 1031 1841 1074 horum

291 1104 575 1147 Naturalium
599 1103 656 1144 ad
679 1117 730 1144 ea
751 1116 836 1156 que
858 1107 960 1143 sunt
981 1102 1019 1142 ei
1042 1102 1285 1143 necessaria
1308 1101 1362 1141 de
1384 1101 1726 1154 geometricis..

350 1174 410 1215 Et
431 1187 533 1215 cum
558 1173 786 1226 Averroys
807 1172 927 1213 dicat
948 1184 1081 1225 super
1098 1176 1144 1225 5⁰
1166 1170 1370 1212 Plzi'szcm
1373 1185 1447 1212 mn
1470 1172 1590 1224 quod
1614 1171 1842 1226 contigua·
1863 1181 1902 1216 Ῑ5

294 1245 362 1287 cio
384 1243 593 1286 naturalis
622 1244 782 1285 transit
804 1243 846 1283 in
880 1242 1263 1283 continuacionem
1292 1241 1667 1293 mathematicam,
1686 1248 1730 1283 et
1755 1241 1841 1284 hoc

291 1314 487 1369 diligenti
510 1313 679 1367 indiget
700 1312 998 1367 exposicione‚
1022 1312 1125 1365 quia
1145 1312 1319 1353 videtur
1348 1312 1530 1353 omnino
1552 1325 1647 1353 esse
1667 1310 1841 1361 falsum,

293 1385 394 1426 ideo
417 1384 506 1424 suis
537 1382 644 1424 locis
677 1382 719 1422 in
751 1381 1133 1436 geometricalibus
1155 1381 1236 1422 hec
1268 1381 1433 1422 habent
1455 1381 1700 1435 explanari.
1762 1381 1843 1424 Set

292 1453 495 1495 solebant
517 1465 670 1494 omnes
688 1452 828 1506 quasi,
844 1457 887 1492 et
906 1451 1031 1492 multi
1049 1450 1208 1501 adhuc,
1226 1451 1398 1507 trahere
1415 1465 1606 1492 errorem
1631 1465 1841 1507 magnum

294 1524 335 1564 in
358 1523 501 1564 verbis
524 1522 749 1575 Averroys
777 1520 782 1576 Ι
810 1527 854 1562 et
885 1521 1084 1562 Euclidis
1107 1528 1150 1562 et
1176 1521 1358 1562 aliorum
1389 1527 1730 1575 geometrarum,
1751 1534 1844 1562 cre·
1864 1531 1905 1554 ²0

292 1593 447 1634 dentes
473 1606 603 1632 unam
627 1591 785 1632 lineam
815 1592 991 1645 penitus
1018 1605 1111 1633 esse
1134 1597 1177 1631 et
1207 1597 1420 1644 punctum
1450 1596 1495 1632 et
1523 1604 1659 1631 unum
1683 1604 1844 1644 corpus

302 1662 614 1703 mathematice
646 1661 881 1715 loquendo,
903 1661 1005 1703 licet
1037 1674 1123 1703 non
1155 1660 1425 1710 naturaliter,
1454 1667 1498 1702 et
1530 1675 1664 1702 unam
1695 1673 1844 1715 super-

293 1731 435 1772 ficiem
459 1744 553 1772 esse
571 1730 755 1772 locantis
777 1737 820 1772 et
843 1732 1007 1773 locati
997 1745 1039 1772 in
1059 1732 1314 1785 corporibus
1337 1731 1504 1782 mundi,
1528 1731 1843 1772 mathematice

294 1801 532 1854 loquendo,
574 1813 627 1841 eo
664 1800 932 1842 Aristoteles
974 1801 1082 1843 dicit
1122 1805 1170 1852 4⁰
1203 1800 1411 1842 Plnszcor
1399 1815 1486 1842 mn
1527 1801 1645 1855 quod
1689 1800 1844 1842 ultima

293 1864 490 1911 locantis
506 1876 552 1911 et
584 1870 715 1912 locati
748 1877 851 1913 sunt
882 1885 1034 1912 unum.
1098 1872 1160 1913 Et
1187 1872 1280 1925 jam
1313 1873 1369 1913 de
1400 1871 1484 1912 hiis
1510 1877 1678 1912 tactum
1705 1876 1772 1912 est
1799 1871 1842 1912 in
1863 1883 1902 1917 25

298 1939 604 1983 Commumbns
633 1941 942 1992 Natnmlznm,
973 1948 1040 1983 set
1072 1941 1153 1983 hec
1184 1942 1409 1995 quomodo
1440 1941 1604 1983 habent
1635 1941 1745 1982 solvi
1777 1953 1843 1982 re-

294 2010 493 2062 quiratur
518 2024 544 2050 a
575 2015 765 2051 tractatu
796 2025 894 2052 meo
920 2011 1198 2065 geometrico,
1221 2012 1323 2065 quia
1355 2011 1413 2052 ibi
1439 2011 1630 2065 primum
1653 2010 1845 2053 occurrit

299 2082 426 2122 radix
449 2081 577 2134 hujus
599 2080 845 2129 solucionis,
869 2087 914 2121 et
943 2081 1000 2122 ibi
1023 2082 1249 2135 proprium
1275 2088 1350 2128 est,
1376 2082 1479 2135 quia
1504 2080 1725 2122 naturales
1747 2094 1844 2122 con—

300 2152 462 2192 cedunt
484 2150 616 2202 quod,
639 2149 896 2190 naturaliter
924 2149 1158 2203 loquendo,
1182 2157 1279 2192 sunt
1309 2150 1420 2191 linee
1444 2151 1591 2204 plures
1614 2157 1657 2191 et
1680 2156 1845 2205 puncta

296 2220 421 2275 plura
453 2226 496 2261 et
529 2218 778 2274 superficies
810 2219 956 2273 plures
986 2226 1028 2260 et
1061 2225 1243 2274 corpora
1270 2221 1409 2274 plura,
1440 2220 1690 2261 set.dicunt
1720 2220 1842 2274 quod
1863 2229 1905 2261 30

296 2289 608 2330 mathematice
630 2288 855 2341 loquendo
887 2302 971 2330 non
999 2289 1059 2331 sic
1087 2296 1164 2338 est,
1189 2296 1372 2344 propter
1399 2291 1534 2331 verba
1561 2290 1844 2344 geometrica,

300 2373 404 2411 ergo
428 2358 487 2399 ibi
516 2358 775 2411 requirenda
798 2364 863 2399 est
886 2358 1161 2401 certificacio.

344 2483 383 2512 13
408 2474 613 2504 Theodosii
631 2475 677 2504 de
695 2472 843 2514 Speris]
862 2474 880 2505 i.
898 2472 964 2505 def.
988 2484 1036 2504 10.
1272 2484 1310 2513 15
1336 2474 1593 2516 Phisieorum]
1611 2486 1641 2506 v.
1661 2485 1703 2506 22
1720 2486 1843 2509 comm.

302 2535 343 2564 24
369 2525 622 2566 Phisieorum]
641 2525 682 2556 iv.
701 2526 731 2556 8.
870 2527 912 2556 26
937 2526 996 2557 i.e.
1017 2535 1049 2565 p.
1072 2526 1143 2566 182,
1166 2532 1228 2557 etc.

343 2644 363 2663 2
388 2632 481 2674 quia]
500 2641 575 2662 nam
597 2631 627 2662 Ο
769 2640 788 2670 5
813 2641 915 2662 unum
934 2631 1113 2672 punctum]
1132 2642 1221 2663 unus
1238 2637 1385 2672 punctus
1404 2632 1435 2663 Ο
1577 2645 1594 2674 7
1619 2633 1709 2676 aliis]
1728 2634 1796 2666 illis
1815 2635 1846 2667 Ο

296 2686 317 2716 8
334 2685 416 2726 erit]
435 2689 535 2715 erunt
549 2684 580 2715 O
663 2693 703 2714 10
719 2684 809 2723 quod
828 2707 835 2714 .
851 2707 859 2715 .
875 2707 882 2714 .
897 2683 1107 2724 expositum]
1123 2695 1210 2723 que.
1226 2709 1232 2715 .
1249 2708 1256 2716 .
1271 2685 1430 2725 exposita
1443 2685 1474 2716 O
1555 2694 1659 2717 11-12
1678 2687 1844 2719 decimam

323 2762 330 2770 .
352 2761 360 2768 .
376 2738 514 2768 terciam
532 2747 598 2768 om.
620 2735 661 2766 M
749 2746 790 2766 22
815 2740 850 2766 et
866 2735 984 2776 unam]
1003 2739 1038 2766 et
1050 2736 1194 2767 eandem
1211 2735 1242 2767 O
1331 2747 1372 2776 24
1397 2737 1454 2778 eo]
1474 2738 1552 2778 quia
1569 2738 1600 2770 O
1689 2749 1730 2779 27
1750 2740 1842 2782 meo]

298 2790 331 2820 in
349 2800 391 2821 eo
406 2789 580 2829 O‚f01'san
593 2789 634 2820 M
720 2798 759 2828 31
787 2787 1013 2829 geometrica]
1029 2793 1279 2827 geometrarum
1301 2786 1331 2818 Ο
