1945 3079
819 103 902 149 395

92 215 292 252 naturam
330 209 462 250 aliam
495 207 746 263 generalem
781 209 1074 261 consequitur,
1105 207 1272 249 scilicet
1309 207 1351 247 in
1389 206 1473 248 hoc
1510 206 1630 259 quod

90 292 245 333 corpus
267 285 332 319 est
355 278 520 319 habens
542 284 687 332 partes
710 277 920 318 distanter
937 277 1145 330 jacentes.

149 347 197 389 Si
218 348 390 389 dicatur
418 347 538 400 quod
564 346 729 388 habent
755 347 943 387 eundem
971 351 1141 386 motum
1170 344 1411 386 secundum
1441 343 1632 397 speciem

89 417 300 470 quoniam
323 416 436 458 circa
458 415 652 457 medium
672 432 679 456 :
714 415 949 456 dicendum
966 421 1033 456 est
1055 415 1174 468 quod
1190 414 1302 454 sicut
1317 419 1430 454 terra
1452 420 1495 454 et
1517 427 1633 466 aqua

52 486 254 530 shabent
295 484 596 525 diversitatem
639 484 682 524 in
725 484 882 538 specie,
920 484 1022 537 quia
1059 484 1228 524 diversa
1259 482 1356 523 loca
1388 481 1552 523 habent
1589 482 1632 521 in

91 554 243 609 specie,
280 553 382 594 licet
418 553 613 594 habeant
647 558 818 593 motum
853 566 879 592 a
912 551 1266 593 circumferencia
1303 556 1347 591 et
1389 564 1414 590 a
1449 563 1632 601 sursum,

90 623 150 663 sic
182 628 328 677 potest
360 621 430 662 hic
463 636 571 671 esse,
603 622 707 674 quia
739 621 781 662 in
824 621 1005 662 diversis
1037 620 1142 662 locis
1174 619 1412 660 secundum
1443 618 1631 672 speciem

91 691 360 733 collocantur
376 691 517 731 orbes.

150 759 198 802 Si
231 765 380 801 tamen
412 760 585 800 dicatur
610 760 731 812 quod
766 765 944 813 propter
980 757 1114 800 alcius
1150 764 1194 798 et
1228 755 1405 797 inferius
1434 762 1633 809 respectu

33 849 72 872 10
91 828 225 871 centri
259 829 410 870 mundi
440 828 667 869 habebunt
696 828 994 869 diversitatem
1024 827 1066 867 in
1094 826 1240 880 specie
1270 825 1381 866 sicut
1404 824 1633 874 elementa,

91 911 196 951 ergo
220 904 323 939 sunt
345 897 496 951 gravia
518 903 561 939 et
585 896 722 947 levia;
756 896 994 938 dicendum
1020 901 1087 936 est
1117 894 1237 948 quod
1268 908 1355 935 non
1377 893 1505 943 valet,
1529 893 1634 946 quia

91 979 178 1007 non
202 972 434 1007 moventur
461 967 518 1007 ad
544 965 624 1007 hec
654 965 752 1007 loca
780 979 805 1006 a
836 978 1006 1006 sursum
1039 963 1108 1005 vel
1138 965 1350 1013 deorsum,
1374 976 1453 1003 nec
1480 976 1503 1003 e
1532 975 1633 1002 con-

91 1035 237 1088 trario,
271 1035 380 1076 sicut
414 1034 645 1086 elementa,
687 1041 751 1076 set
793 1047 966 1087 semper
1007 1033 1119 1075 circa
1155 1033 1349 1074 medium
1381 1037 1425 1073 et
1460 1044 1635 1084 semper

91 1117 224 1157 penes
256 1104 381 1157 polos
417 1105 623 1154 diversos,
656 1104 773 1157 quod
809 1103 996 1144 multum
1035 1102 1138 1143 facit
1172 1101 1227 1142 ad
1259 1100 1556 1142 diversitatem
1591 1100 1634 1139 in

33 1193 71 1225 15
91 1172 248 1227 specie,
271 1179 313 1213 et
336 1179 517 1227 propter
537 1173 621 1214 hoc
643 1186 732 1215 non
754 1179 820 1214 est
840 1171 982 1214 simile
1004 1172 1059 1213 de
1081 1171 1162 1211 hiis
1183 1176 1227 1211 et
1248 1170 1304 1211 de
1321 1168 1561 1210 elementis.

155 1274 402 1328 Capitulum
425 1276 624 1328 quintum
651 1275 672 1328 <
678 1275 729 1315 de
749 1275 888 1316 stellis
907 1281 950 1315 et
967 1273 1219 1324 sideribus).

154 1355 435 1409 Investigatis
471 1354 555 1396 hiis
589 1368 674 1409 que
705 1355 760 1395 ad
793 1353 919 1395 orbes
951 1353 1133 1395 celestes
1165 1352 1385 1406 pertinent
1418 1351 1634 1405 principa-

93 1423 203 1474 liter,
242 1424 344 1465 licet
379 1423 527 1477 aliqua
558 1424 818 1464 intermixta
849 1423 938 1464 sint
975 1419 1061 1477 de]
1091 1421 1240 1472 stellis,
1273 1427 1339 1461 set
1372 1420 1457 1461 hoc
1495 1420 1636 1473 magis

93 1499 274 1547 propter
318 1493 446 1534 orbes
486 1506 621 1547 quam
672 1499 854 1547 propter
893 1505 977 1539 eas,
1019 1504 1135 1532 nunc
1175 1490 1494 1531 consideranda
1535 1494 1637 1529 sunt

37 1583 76 1606 20
94 1562 284 1615 quedam
316 1561 429 1603 circa
460 1562 623 1614 stellas,
656 1568 699 1603 et
731 1562 874 1616 primo
907 1561 962 1601 de
994 1573 1189 1601 numero.
1253 1558 1539 1599 Manifestum
1570 1563 1638 1599 est

72 1655 76 1659 -
94 1638 242 1672 autem
266 1644 344 1684 per
358 1630 647 1672 Aristotelem
672 1632 715 1672 in
739 1630 848 1672 libro
870 1630 1141 1672 Secretorzmz
1165 1635 1208 1669 et
1230 1642 1308 1682 per
1327 1627 1636 1668 Ptholomeum

95 1700 138 1740 in
157 1706 314 1741 octavo
335 1699 597 1754 Almageslz‘‚
620 1706 663 1741 et
684 1713 761 1753 per
778 1699 1070 1753 Alfraganum
1094 1699 1136 1738 in
1157 1697 1269 1738 libro
1284 1710 1364 1737 suo
1377 1696 1428 1736 de
1441 1695 1639 1737 Motibus

99 1768 293 1812 Celerum
309 1770 429 1823 quod
451 1768 577 1810 stelle
599 1769 701 1820 fixe,
717 1782 902 1822 quarum
918 1768 1141 1822 quantitas
1158 1771 1302 1819 potest
1323 1764 1638 1818 comprehendi

95 1851 171 1891 per
189 1838 478 1879 instrumenta
504 1838 546 1878 in
569 1838 674 1879 locis
697 1844 800 1879 note
817 1836 1117 1883 habitacionis,
1134 1841 1236 1875 sunt
1262 1846 1381 1875 1022.
1445 1834 1516 1874 De
1542 1832 1637 1873 aliis

36 1927 74 1958 ²5
95 1919 198 1947 vero
221 1919 308 1946 non
328 1913 391 1947 est
406 1920 611 1948 numerus
630 1906 850 1960 possibilis
869 1907 912 1946 in
930 1905 1012 1947 hac
1034 1905 1124 1946 vita
1142 1917 1217 1958 per
1234 1902 1636 1944 consideracionem

95 1975 351 2016 humanam.
403 1975 517 2016 Item
536 1975 607 2016 ille
624 1976 750 2017 stelle
766 1989 852 2029 que
869 1981 970 2015 sunt
985 1975 1027 2015 in
1046 1974 1245 2028 partibus
1263 1972 1343 2013 celi
1359 1971 1472 2012 circa
1485 1970 1636 2024 polum

96 2044 372 2095 antarticum,
404 2044 504 2086 licet
534 2045 621 2085 sint
653 2058 813 2098 magne
844 2043 1116 2098 quantitatis,
1148 2048 1191 2083 et
1222 2041 1422 2095 quamvis
1455 2044 1639 2093 possunt

96 2113 362 2155 considerari
381 2128 390 2165 ;
421 2127 509 2155 non
532 2120 682 2155 tamen
703 2119 806 2154 sunt
834 2111 960 2155 nobis
983 2118 1088 2153 note
1117 2111 1190 2164 qui
1213 2124 1363 2152 sumus
1389 2109 1431 2149 in
1454 2108 1639 2162 regioni-

1658 1426 1802 1468 114b1.

97 2184 181 2225 bus
213 2183 643 2237 septentrionalibus.
707 2183 768 2223 Et
794 2181 1061 2224 considerari
1083 2187 1150 2223 est
1176 2181 1297 2234 quod
1320 2180 1376 2220 de
1399 2177 1638 2231 majoribus
1660 2188 1662 2191 ·

38 2271 78 2303 30
97 2251 233 2294 stellis
264 2253 536 2294 constituunt
568 2253 712 2293 sidera
743 2258 786 2293 et
816 2251 1050 2305 ymagines
1087 2249 1325 2292 stellarum.
1411 2246 1544 2288 Sidus
1572 2252 1639 2288 est

96 2322 388 2376 congregacio
430 2322 654 2364 stellarum
705 2327 750 2362 et
790 2334 968 2375 ymago,
1048 2319 1163 2361 Sunt
1205 2324 1353 2359 autem
1395 2317 1638 2370 ymagines,

97 2391 338 2432 secundum
356 2392 477 2445 quod
493 2391 597 2432 dicit
614 2389 888 2430 Albumazar
900 2389 1094 2430 secundo
1108 2387 1219 2428 libro
1234 2401 1314 2428 suo
1326 2384 1644 2427 Introductorz·z’

98 2459 306 2514 Majoris,
344 2460 417 2511 48,
458 2474 644 2513 quarum
687 2458 950 2514 principales
991 2464 1094 2499 sunt
1135 2469 1186 2499 12
1225 2457 1362 2510 signa,
1414 2461 1462 2496 ut
1494 2454 1638 2505 Aries,

98 2528 282 2579 Taurus,
306 2535 350 2570 et
371 2528 642 2582 hujusmodi,
664 2542 750 2582 que
772 2528 938 2569 habent
971 2526 1119 2569 stellas
1151 2525 1382 2567 distinctas
1405 2524 1447 2564 in
1482 2523 1639 2564 finibus

142 2634 182 2654 21
210 2624 465 2666 secretorum]
482 2625 544 2665 sig.
565 2624 602 2656 C.
621 2624 663 2656 iv.
683 2634 784 2655 verso
802 2622 932 2665 (1555).
1055 2632 1097 2652 22
1120 2620 1347 2662 Almagesti]
1364 2620 1433 2651 viii.
1456 2629 1469 2650 1
1491 2619 1539 2660 (p.
1560 2620 1637 2659 216,

99 2677 152 2707 ed.
172 2677 286 2718 1541).
375 2679 421 2708 de
439 2679 612 2708 Motibus
628 2675 821 2716 Gelorum]
838 2675 858 2706 i.
868 2686 897 2706 e.
913 2674 1089 2706 Elementa
1103 2673 1356 2711 Astronomica,
1375 2672 1442 2703 diff.
1464 2681 1503 2711 19
1522 2671 1567 2711 (p.
1587 2679 1638 2711 75,

99 2728 153 2759 ed.
172 2728 278 2768 Paris,
301 2729 407 2768 15463
431 2728 534 2759 Arab.
558 2728 629 2760 Lat.
646 2727 753 2759 Amst.
776 2728 889 2770 1669).
1025 2736 1067 2766 32
1092 2726 1367 2758 Introduetorii
1386 2722 1560 2764 Maioris]
1574 2723 1636 2763 sig.

100 2780 131 2810 b.
150 2790 171 2820 3
191 2781 257 2811 sed.
275 2780 361 2811 Ven.
378 2782 488 2821 1506).
