1945 3079
820 84 901 125 343

23 193 27 197 ·
91 179 231 234 figura
266 179 614 232 simplicissima3
658 182 762 223 item
799 185 967 237 corpori
1008 187 1222 228 mobiliori
1261 189 1444 232 debetur
1482 192 1615 246 figura

90 249 315 304 aptissima
338 249 478 289 motui
498 262 506 298 ;
539 249 644 289 item
673 252 843 304 corpori
871 252 1198 309 elongatissimo
1221 272 1245 297 a
1268 261 1551 312 corrupcione
1574 269 1617 302 et

91 317 253 359 lesione
278 323 322 358 et
347 317 648 359 occasionibus
676 320 862 360 debetur
884 320 1020 375 figura
1042 337 1126 376 que
1150 326 1342 368 maxime
1363 334 1427 368 cst
1452 337 1617 370 remota

89 385 146 426 ab
177 385 443 439 hujusmodi.
517 387 712 428 Minores
744 388 898 430 horum
931 399 1285 442 argumentorum
1320 403 1469 448 patent
1501 399 1616 438 omni

48 468 67 501 5
89 454 254 496 homini
278 455 353 508 qui
374 455 542 508 aliquid
564 456 671 497 sciat
694 458 749 497 de
772 457 918 511 figuris
941 465 983 499 et
1008 461 1269 513 corporibus.
1335 464 1450 505 Nam
1476 467 1615 507 celum

88 530 154 565 est
175 537 334 578 corpus
357 523 547 577 primum
576 538 625 564 ac
652 525 904 579 simplicius,
928 533 970 567 et
991 528 1052 568 sic
1075 529 1129 568 de
1151 528 1245 570 aliis
1267 532 1617 583 condicionibus3

89 599 132 634 et
163 593 330 647 sperica
363 593 503 646 figura
534 592 667 634 habet
697 595 970 636 condiciones
993 596 1060 636 vel
1089 598 1377 650 proprietates
1403 601 1549 641 dictas.
1573 610 1616 643 et

88 675 175 703 non
206 662 303 704 alia.
369 663 483 702 Item
516 662 596 703 hec
629 661 767 716 figura
800 670 865 704 est
896 664 1134 716 perfeccior
1163 665 1266 714 aliis,
1291 668 1391 719 quia
1420 670 1455 707 ei
1488 670 1615 710 nichil

87 737 234 786 potest
265 731 397 782 addi;
430 737 496 772 set
528 731 671 772 celum
704 737 770 772 est
802 746 960 786 corpus
992 733 1235 786 perfectius
1300 735 1411 775 Item
1445 737 1523 778 hec
1554 746 1616 778 est

29 816 68 838 10
87 800 283 854 equalior
299 806 342 841 et
365 800 645 848 uniformior3
679 806 744 841 set
764 800 950 842 Boecius
967 801 1072 842 dicit
1096 801 1137 841 in
1155 802 1361 843 practica
1383 802 1619 847 Geometrz‘e

87 870 206 924 quod
229 868 385 923 equale
407 875 473 911 est
501 869 656 909 melius
680 869 885 922 inequali.
950 871 1061 911 Item
1090 870 1132 910 in
1158 870 1239 911 hac
1261 871 1410 925 figura,
1435 880 1479 914 ut
1503 875 1620 926 prius

86 938 286 981 habitum
320 945 399 989 est,
433 946 580 992 partes
613 953 765 980 omnes
797 939 1040 980 adinvicem
1075 940 1214 993 magis
1245 941 1513 991 vicinantur3
1555 950 1619 984 set

84 1007 286 1050 vicinitas
316 1009 514 1063 parcium
543 1009 586 1048 in
616 1014 712 1049 toto
745 1015 810 1050 est
839 1008 954 1049 salus
977 1022 1126 1049 earum
1151 1016 1328 1063 propter
1350 1017 1524 1051 mutuas
1547 1011 1617 1066 in<1

84 1077 303 1120 fluencias.
367 1078 441 1118 Ex
469 1076 675 1118 omnibus
703 1077 835 1132 igitur
868 1077 949 1117 hiis
984 1091 1068 1118 una
1101 1079 1214 1119 racio
1247 1079 1467 1133 accipitur,
1498 1081 1616 1133 quod

26 1160 64 1192 15
85 1147 254 1201 corpori
286 1147 559 1188 nobilissimo
593 1147 744 1187 mundi
779 1147 962 1188 debetur
988 1147 1258 1188 nobilissima
1291 1147 1441 1201 figura,
1465 1155 1507 1189 et
1538 1149 1616 1190 hec

84 1222 150 1258 est
173 1216 367 1270 sperica3
399 1223 441 1258 et
468 1216 610 1258 celum
633 1223 698 1258 est
719 1216 921 1258 nobilius.

142 1285 221 1328 Set
252 1299 340 1327 non
372 1285 514 1326 solum
547 1287 590 1326 in
624 1285 854 1327 universali
887 1293 952 1327 set
985 1286 1025 1326 in
1059 1286 1307 1339 particulari
1340 1292 1485 1340 potest
1514 1299 1616 1327 con-

82 1356 254 1397 vexitas
295 1356 469 1397 ostendi
510 1361 638 1397 extra
681 1362 724 1397 et
765 1355 1015 1397 concavitas
1061 1357 1187 1396 intra.
1268 1355 1385 1396 Nam
1429 1355 1462 1395 si
1504 1362 1617 1396 esset

83 1425 348 1467 multilatere
365 1424 503 1480 figure
518 1431 562 1467 et
585 1425 882 1479 multiangule,
899 1433 1004 1467 tunc
1026 1426 1068 1465 in
1092 1425 1341 1466 elevacione
1359 1424 1615 1478 angulorum

23 1504 63 1527 20
80 1500 194 1535 esset
215 1507 375 1548 corpus
397 1494 471 1536 ubi
495 1507 583 1535 non
606 1494 686 1536 fuit
708 1495 826 1548 prius
844 1500 887 1535 et
910 1501 1152 1536 remaneret
1174 1494 1293 1536 locus
1310 1495 1404 1534 sine
1422 1506 1616 1546 corpore,

80 1576 216 1616 quare
247 1569 425 1618 oportet
455 1577 618 1617 ponere
648 1577 849 1615 vacuum,
871 1565 990 1617 quod
1023 1570 1088 1604 est
1122 1562 1390 1616 impossibile
1422 1568 1465 1603 et
1498 1562 1614 1615 prius

69 1623 377 1687 reprobatum.
426 1632 553 1681 Item,
570 1633 756 1687 angulus
780 1633 1018 1687 corporalis
1040 1633 1173 1674 habet
1191 1632 1385 1686 longum,
1403 1631 1551 1678 latum,
1572 1636 1614 1671 et

79 1701 360 1756 profundum,
381 1708 426 1744 et
456 1708 522 1743 est
555 1715 722 1755 corpus,
755 1709 803 1744 ut
828 1702 1054 1743 Avicenna
1082 1702 1186 1742 dicit
1211 1707 1254 1755 30
1275 1699 1615 1754 Medmfflzisz'cm

78 1778 350 1826 quapropter
369 1770 504 1812 habet
536 1771 652 1812 unde
674 1777 827 1812 natum
849 1771 906 1812 sit
928 1771 1072 1812 locum
1092 1770 1284 1824 implere,
1301 1770 1402 1822 quia
1425 1768 1610 1822 replecio

20 1839 160 1881 25loci
198 1846 264 1882 est
297 1854 375 1894 per
411 1840 571 1882 trinam
608 1840 940 1890 dimensionem,
973 1846 1019 1880 ut
1055 1840 1173 1894 prius
1204 1844 1425 1879 ostensum
1459 1844 1535 1886 est,
1567 1842 1609 1876 et

77 1906 343 1948 Aristoteles
364 1907 470 1947 dicit
491 1912 649 1961 quarto
670 1906 962 1948 Pleiszkormn.
1016 1905 1094 1946 Set
1120 1918 1207 1945 non
1229 1910 1294 1945 est
1316 1904 1435 1944 locus
1458 1903 1612 1957 plenus

77 1982 204 2018 extra
235 1975 390 2025 celum,
423 1989 528 2029 ergo
559 1989 747 2017 vacuus:
782 1982 825 2016 et
856 1976 916 2016 ita
948 1988 1035 2015 non
1066 1973 1207 2015 solum
1240 1973 1283 2013 in
1317 1979 1437 2014 motu
1470 1978 1535 2012 set
1567 1972 1609 2011 in

76 2045 226 2098 quiete
258 2051 373 2087 esset
403 2058 602 2087 vacuum.
668 2045 781 2087 Item
814 2045 849 2085 si
883 2050 1060 2098 propter
1090 2043 1173 2084 hoc
1206 2048 1395 2096 ponatur
1427 2041 1608 2081 rotunde

76 2114 212 2169 figure
226 2128 312 2156 non
325 2120 496 2156 tantum
514 2115 693 2169 sperice‚
711 2120 777 2155 set
794 2113 1080 2168 pyramidalis
1103 2113 1290 2153 rotunde
1308 2116 1382 2151 aut
1404 2110 1594 2162 colump-

17 2193 59 2225 30
75 2184 202 2234 naris,
219 2191 295 2225 aut
312 2183 460 2235 ovalis,
476 2190 520 2224 et
538 2183 807 2237 hujusmodi,
823 2182 966 2224 adhuc
983 2187 1204 2236 oporteret
1226 2193 1387 2232 ponere
1403 2191 1603 2228 vacuum,

74 2253 111 2294 si
133 2259 381 2294 moveretur
401 2253 483 2294 hoc
504 2267 662 2306 corpus
682 2266 813 2306 super
835 2251 1075 2292 breviorem
1099 2251 1374 2290 diametrum.
1437 2246 1482 2287 Si
1505 2260 1607 2286 vero

1640 1098 1700 1120 100
1716 1101 1734 1121 a
1755 1099 1780 1122 1.

77 2321 82 2377 Ι
100 2322 291 2364 anularis
305 2322 442 2376 figure
454 2322 524 2363 vel
539 2322 803 2364 lenticularis
818 2320 883 2361 vel
900 2319 1079 2361 casealis
1094 2324 1136 2359 et
1151 2316 1414 2371 hujusmodi,
1430 2321 1605 2369 oportet
1629 2320 1671 2352 Ο.
1690 2330 1728 2362 14
1745 2332 1774 2353 a.

117 2478 158 2508 23
183 2469 537 2511 Methapfflsice]iii.
553 2479 573 2508 4
590 2468 625 2508 (f.
642 2469 673 2499 b.
688 2468 729 2508 vj.
744 2468 796 2499 ed.
813 2466 922 2506 1493).
994 2467 1037 2495 26
1053 2461 1306 2503 Phisieorum]
1321 2462 1362 2493 iv.
1381 2462 1411 2492 8.
1482 2461 1522 2491 28
1541 2460 1609 2491 For

75 2521 132 2552 the
151 2525 222 2552 rest
237 2521 275 2552 os
288 2522 346 2552 the
363 2522 506 2562 chapter
521 2520 562 2552 cf.
582 2521 678 2562 Opus
692 2519 808 2560 Majus
825 2520 869 2550 iv.
890 2529 928 2549 10
947 2517 1106 2558 (Bridges
1123 2516 1145 2547 i.
1166 2515 1257 2556 152).

120 2663 134 2683 1
160 2653 345 2695 mobiliori]
363 2653 522 2685 nobiliori
538 2653 581 2684 M
711 2664 730 2691 4
756 2650 923 2692 Minores]
943 2650 1090 2689 Majores
1108 2648 1149 2678 M
1275 2657 1291 2685 7
1316 2644 1535 2676 condiciones
1552 2643 1605 2673 vel

73 2716 139 2737 om.
158 2705 190 2736 O
303 2716 342 2746 13
365 2705 537 2747 vicinitas]
557 2705 679 2736 vicinia
698 2703 729 2734 O
836 2712 873 2742 15
899 2700 1125 2740 nobilissimo]
1140 2698 1295 2729 nobiliori
1311 2697 1342 2727 Ο
1458 2705 1497 2725 21
1515 2696 1604 2734 quod

74 2762 126 2788 est
142 2756 349 2797 impossibile
366 2767 431 2788 om.
451 2757 493 2787 M
579 2765 620 2794 23
645 2756 698 2796 3⁰]
716 2757 753 2794 40
770 2754 810 2784 M
897 2764 937 2792 24
962 2751 1120 2792 implere]
1139 2750 1271 2789 replere
1293 2748 1322 2778 O
