1945 3079
816 108 900 151 399

82 210 247 251 faciunt
269 208 550 264 operaciones
575 209 615 249 in
639 222 822 262 corpore
845 208 1053 249 animato.
1119 209 1374 250 Dicendum
1406 215 1472 251 est
1502 210 1622 263 quod

82 293 169 320 non
201 278 363 320 debent
395 277 586 332 allegare
618 277 826 318 virtutem
859 290 990 318 cause
1023 277 1176 331 prime,
1209 278 1312 330 quia
1344 278 1403 319 sic
1436 286 1624 332 possunt

82 361 260 389 omnem
284 346 583 388 diversitatem
602 360 744 387 rerum
765 345 1016 387 inferiorum
1035 347 1269 399 assignare,
1284 354 1463 401 propter
1482 347 1624 388 infini-

81 423 175 458 tam
209 429 286 457 sue
323 415 497 456 virtutis
533 415 794 468 potenciam,
828 421 871 456 et
910 415 1008 456 ideo
1038 428 1126 456 non
1159 422 1382 468 oporteret
1415 415 1501 457 alia
1532 429 1625 457 esse

44 500 62 532 5
81 485 274 539 agencia,
296 498 373 526 nec
394 483 637 537 spiritualia
658 497 737 525 nec
760 484 1016 538 corporalia.

142 554 379 608 Propterea
407 566 538 594 causa
569 552 710 606 prima
741 559 806 593 est
829 559 975 593 motor
997 553 1162 605 primus
1184 559 1228 594 et
1250 554 1495 594 communis
1516 570 1524 603 ;
1557 560 1626 596 set

84 629 229 664 motor
243 623 410 676 primus
425 628 468 663 et
483 622 728 663 communis
746 635 835 662 non
850 628 916 662 est
933 621 1358 675 motorparticularis
1374 621 1627 675 hujusmodi

83 691 208 734 stelle
225 698 269 733 et
283 691 409 732 illius.
472 690 551 732 Set
574 704 598 730 a
622 690 866 731 motoribus
884 689 1220 743 particularibus
1237 690 1447 731 deberent
1464 691 1629 732 habere

82 760 365 816 particulares
391 759 669 800 diversitates
697 759 921 800 virtutum.
992 759 1166 799 Deinde
1198 772 1286 800 non
1319 765 1502 812 possunt
1534 772 1629 800 esse

26 844 65 867 10
84 828 391 883 intelligencie‚
412 829 516 882 quia
548 842 634 869 una
667 834 814 869 movet
847 834 971 869 motu
1004 827 1184 882 proprio
1215 827 1358 868 celum
1389 827 1629 879 stellatum,

83 899 188 952 quia
231 911 319 939 una
360 897 521 939 sufficit
563 897 636 938 uni
679 897 820 938 motui
862 911 939 950 per
981 896 1274 938 Aristotelem
1312 897 1355 937 in
1394 898 1628 939 undecimo

82 967 411 1021 Methaphz'sice,
443 968 562 1021 quod
590 973 656 1008 est
689 966 969 1007 manifestum
999 979 1075 1021 per
1102 966 1185 1007 hoc
1219 967 1338 1019 quod
1372 980 1457 1008 una
1488 967 1630 1007 forma

85 1037 322 1079 materialis
340 1036 500 1078 sufficit
517 1036 574 1078 ad
592 1050 727 1077 unum
746 1042 918 1077 motum
938 1036 1196 1090 simplicem,
1214 1041 1262 1076 ut
1284 1035 1425 1077 forma
1443 1035 1555 1090 ignis
1571 1036 1628 1077 ad

83 1120 210 1147 suum
254 1113 423 1148 motum
466 1113 509 1147 et
543 1106 686 1147 forma
721 1112 834 1147 terre
868 1106 924 1146 ad
962 1119 1103 1147 suum.
1167 1104 1214 1146 Si
1257 1105 1392 1146 eciam
1431 1103 1628 1158 quelibet

26 1189 63 1222 15
84 1175 311 1217 stellarum
346 1175 538 1217 fixarum
575 1175 738 1216 habeat
770 1187 904 1215 unam
947 1174 1316 1228 intelligenciam:
1359 1180 1465 1215 tunc
1501 1180 1629 1216 erunt

84 1244 230 1298 plures
259 1258 394 1298 quam
423 1253 476 1297 57
507 1250 697 1285 motores
729 1245 915 1296 orbium,
941 1243 1065 1296 cujus
1087 1243 1354 1284 contrarium
1377 1243 1482 1284 dicit
1504 1241 1630 1283 Aris-

84 1314 244 1356 toteles
266 1314 310 1355 in
334 1314 566 1356 undecimo
589 1312 916 1367 Methaplzisice‚
939 1326 1041 1353 nam
1064 1312 1158 1353 vult
1182 1312 1302 1365 quod
1330 1317 1456 1352 erunt
1485 1320 1538 1364 57
1561 1311 1631 1353 vel

82 1383 139 1425 60
160 1383 215 1425 ad
239 1382 350 1438 plus.

143 1452 380 1506 Propterea
409 1451 413 1507 Ι
442 1458 632 1493 motores
654 1451 714 1492 hii
738 1457 814 1492 aut
835 1456 980 1492 essent
1002 1450 1162 1492 diversi
1180 1449 1420 1491 secundum
1439 1448 1629 1503 speciem

25 1540 66 1562 20
84 1528 161 1563 aut
182 1521 380 1575 ejusdem
403 1521 574 1574 speciei.
640 1519 687 1561 Si
720 1520 934 1574 ejusdem,
964 1525 1070 1560 tunc
1102 1532 1190 1560 non
1222 1518 1414 1559 facerent
1446 1517 1629 1559 effectus

85 1591 280 1632 diversos
321 1591 562 1632 secundum
606 1590 810 1644 speciem,
846 1589 947 1642 quia
984 1587 1102 1641 quod
1141 1601 1254 1629 unus
1291 1593 1440 1641 posset
1476 1587 1627 1636 facere,

73 1654 272 1713 'quilibet
294 1659 404 1701 alius
430 1665 581 1713 posset
596 1658 757 1710 forsan,
778 1658 877 1699 licet
902 1657 1088 1699 debilius
1110 1657 1178 1698 vel
1201 1657 1362 1699 sorcius
1385 1657 1420 1696 si
1444 1669 1630 1709 ponere-

87 1742 183 1770 mus
204 1729 368 1783 gradus
389 1729 431 1769 in
456 1728 532 1769 eis.
595 1728 715 1781 Ergo
737 1741 825 1768 non
849 1727 1100 1768 causabitur
1129 1726 1362 1767 diversitas
1385 1725 1628 1766 secundum

86 1799 281 1852 speciem
304 1798 346 1839 in
369 1797 598 1839 effectibus
622 1797 891 1837 diversarum
916 1795 1155 1846 stellarum,
1186 1800 1229 1836 et
1259 1795 1358 1835 ideo
1387 1794 1629 1835 secundum

27 1884 66 1916 25
87 1867 169 1908 hoc
198 1880 286 1908 non
312 1873 378 1908 est
399 1865 538 1908 simile
560 1866 616 1907 de
638 1866 784 1906 anima
808 1872 852 1906 et
874 1865 927 1905 de
949 1864 1203 1918 hujusmodi
1236 1863 1494 1913 motoribus‚
1526 1863 1630 1916 quia

87 1936 236 1977 anima
271 1935 406 1977 habet
443 1941 588 1988 partes
626 1941 670 1976 et
703 1934 930 1988 potencias
968 1933 1131 1974 multas
1162 1933 1356 1973 diversas
1388 1932 1629 1973 secundum

86 2005 276 2058 speciem
306 2018 333 2045 a
360 2003 519 2058 quibus
548 2003 667 2045 calor
695 2003 907 2044 naturalis
935 2008 978 2043 et
1000 2002 1179 2056 spiritus
1201 2001 1415 2055 recipiunt
1438 2001 1631 2042 diversas

86 2073 269 2115 virtutes
298 2073 354 2115 ad
383 2073 578 2114 diversas
607 2072 904 2125 operaciones.
969 2071 1086 2111 Nam
1113 2071 1363 2123 vegetativa
1385 2069 1520 2111 habet
1542 2076 1631 2110 tres

87 2142 315 2196 potencias
337 2142 407 2183 vel
428 2149 617 2196 quatuor
643 2142 835 2182 diversas
864 2140 1108 2182 secundum
1131 2139 1336 2194 speciem,
1359 2145 1403 2180 et
1426 2139 1632 2181 sensitiva

28 2231 70 2264 30
88 2213 241 2253 decem
263 2211 333 2252 vel
354 2211 512 2265 plureS‚
535 2217 578 2252 et
602 2209 870 2251 intellectiva
893 2209 950 2251 ab
972 2209 1056 2250 hiis
1085 2209 1290 2250 omnibus
1312 2207 1633 2249 diversificatur

88 2280 132 2322 in
154 2280 301 2334 specie
321 2280 636 2335 specialissima
659 2288 702 2320 et
724 2279 987 2320 subalterna.

147 2349 244 2391 Nec
266 2349 415 2391 obstat
438 2349 557 2403 quod
581 2348 730 2402 pulcre
752 2354 901 2403 posset
924 2347 1022 2397 dici,
1052 2347 1173 2400 quod
1202 2361 1259 2388 ex
1287 2346 1443 2388 eadem
1472 2345 1635 2387 virtute

89 2418 411 2472 apprehensiva
442 2417 511 2459 vel
545 2418 836 2459 desiderativa
865 2416 1042 2457 veniant
1074 2416 1246 2457 diverse
1275 2415 1560 2470 operaciones
1590 2414 1632 2454 in

90 2501 286 2542 corpore.
350 2487 467 2528 Nam
490 2494 648 2528 natura
668 2486 820 2528 obedit
841 2485 992 2526 virtuti
1014 2485 1247 2538 cogitative
1269 2490 1314 2525 et
1329 2484 1633 2532 desiderative,

30 2574 70 2607 35
91 2556 208 2598 unde
250 2557 453 2611 provenit
495 2556 660 2598 sanitas
696 2555 763 2597 vel
808 2554 1037 2596 infirmitas
1075 2561 1119 2595 et
1161 2554 1280 2596 calor
1316 2567 1368 2595 ac
1402 2553 1552 2607 friguS,
1590 2558 1634 2593 et

92 2625 241 2668 multis
270 2626 427 2675 modis,
462 2626 703 2668 secundum
741 2624 861 2678 quod
895 2623 1127 2665 Avicenna
1159 2623 1288 2665 docet
1317 2623 1360 2664 in
1396 2629 1555 2676 quarto
1585 2620 1637 2661 de

138 2749 187 2779 12,
211 2749 248 2779 17
273 2738 566 2780 Methaphisice]
584 2738 641 2771 xii.
657 2748 698 2778 47
716 2738 775 2780 (55
788 2747 826 2769 or
843 2742 988 2777 47—not
1006 2746 1059 2777 57,
1073 2736 1259 2776 Averroes,
1275 2736 1317 2775 48
1329 2745 1465 2775 comm„
1479 2734 1532 2766 ed.
1550 2734 1636 2775 1496

93 2804 173 2834 says
189 2803 232 2833 55
250 2803 288 2825 or
303 2794 374 2835 67).

1654 1471 1713 1505 115
1731 1464 1752 1495 b
1772 1472 1800 1494 2.
