1945 3079
841 121 923 166 437

113 226 290 280 planete
324 226 393 266 vel
417 225 583 278 epicicli
615 226 728 265 circa
758 230 955 266 centrum
984 238 1148 274 eorum,
1177 224 1253 278 qui
1278 236 1364 265 non
1392 230 1538 278 potest
1562 237 1657 265 esse

113 295 192 336 nisi
217 309 294 349 per
317 301 488 337 motum
511 293 641 343 orbis,
665 300 712 334 ut
736 294 854 346 prius
879 294 1033 346 patuit.

173 363 246 404 Ex
269 363 351 404 hiis
369 363 501 416 igitur
516 362 690 403 videtur
706 363 824 415 quod
845 375 931 403 non
948 368 1013 402 cst
1030 374 1195 416 ponere
1212 362 1364 403 orbem
1388 361 1652 402 ecentricum

112 439 325 485 quantum
349 432 404 472 ad
428 431 752 473 convexitatem
777 436 962 471 tantum.
1025 430 1156 483 Quod
1182 431 1320 471 eciam
1350 443 1435 471 non
1459 430 1514 471 sit
1535 429 1651 470 orbis

73 518 91 550 5
112 501 355 542 ecentricus
382 506 597 554 quantum
617 501 672 541 ad
697 500 1015 540 concavitatem
1042 506 1227 548 tantum,
1251 506 1423 540 tantum
1455 500 1535 540 erit
1558 513 1651 552 pre-

112 570 229 611 dicta
250 569 558 610 consideranti.
621 567 667 609 Si
690 569 803 609 enim
826 568 954 609 suerit
971 568 1223 621 hujusmodi
1242 568 1358 608 orbis
1380 581 1653 622 suppremus,

111 645 155 680 et
178 645 425 680 moveretur
446 639 558 678 circa
586 644 784 678 centrum
814 636 1113 687 concavitatis,
1136 642 1313 689 oportet
1342 650 1436 676 esse
1464 649 1650 676 vacuum

111 707 256 749 locum
289 713 417 748 extra
451 706 605 748 celum.
633 719 722 759 quo
755 720 854 759 pars
888 706 1082 746 maxime
1113 705 1354 745 secundum
1386 718 1513 745 suum
1547 718 1651 745 con-

109 789 274 817 vexum
316 776 483 816 distans
524 789 550 816 a
591 781 740 815 centro
782 774 1065 815 concavitatis
1107 774 1350 827 recipiatur.
1414 773 1460 814 Si
1503 780 1651 814 autem

51 860 92 882 10
111 843 239 886 fuerit
261 844 355 898 ejus
379 850 525 885 motus
543 844 654 885 circa
671 849 867 884 centrum
888 842 1053 894 mundi,
1067 843 1157 882 sive
1176 842 1431 882 convexitas
1450 848 1573 895 patet
1595 856 1652 883 ex

110 914 328 969 predictis,
350 914 651 966 comparando
676 914 817 967 ipsum
840 913 895 953 ad
919 913 1071 953 orbem
1095 910 1342 952 inferiorem
1366 911 1421 952 ab
1439 912 1533 966 ipso
1551 924 1653 953 con-

111 990 297 1032 ten-tum,
317 983 527 1036 quoniam
550 983 720 1023 accidet
751 982 903 1023 orbem
935 980 1182 1022 inferiorem
1205 995 1231 1021 a
1253 980 1473 1034 superiore
1502 981 1651 1029 dividi,

108 1052 176 1092 vel
199 1051 328 1092 simul
351 1051 448 1093 loco
466 1057 678 1105 quantum
698 1051 752 1091 ad
772 1051 939 1104 aliquas
958 1055 1104 1103 partes
1122 1063 1272 1090 eorum
1291 1050 1433 1102 recipi,
1452 1056 1495 1091 et
1513 1050 1651 1091 eciam

108 1128 183 1162 aut
204 1135 391 1162 vacuum
415 1134 523 1172 esse,
546 1127 622 1161 aut
644 1134 804 1174 corpus
827 1118 908 1161 celi
932 1119 1119 1159 rarefieri
1141 1119 1209 1159 vel
1233 1117 1520 1160 rarefactibile
1542 1132 1650 1160 6556.

51 1202 87 1234 ¹5
169 1190 343 1231 Deinde
385 1191 505 1243 quod
539 1202 626 1230 non
659 1189 715 1229 sit
751 1189 868 1230 orbis
906 1187 1190 1228 intermedius
1220 1187 1386 1227 habens
1418 1193 1651 1240 utramque

107 1260 350 1300 secundum
393 1257 669 1311 superficiem
713 1258 991 1306 ecentricam,
1023 1257 1082 1297 sic
1124 1255 1393 1296 ostenditur:
1441 1256 1650 1309 quoniam

109 1328 283 1381 utrique
315 1334 379 1368 est
413 1328 529 1368 idem
563 1333 760 1368 centrum
789 1333 864 1367 aut
897 1326 1132 1377 diversum,
1154 1330 1276 1379 patet
1299 1338 1356 1364 ex
1379 1324 1508 1365 dictis
1530 1325 1649 1376 quod

107 1397 251 1450 ipsum
274 1397 354 1437 erit
383 1396 607 1445 inmobile,
630 1402 706 1436 aut
734 1409 792 1436 ex
817 1401 937 1435 motu
962 1393 1054 1447 ejus
1082 1394 1283 1434 accident
1305 1393 1423 1433 dicta
1449 1393 1650 1433 inconve-

107 1467 287 1507 niencia.
350 1464 399 1507 Si
442 1465 573 1514 idem,
615 1465 778 1518 poterit
818 1470 923 1504 tunc
964 1463 1082 1503 idem
1125 1468 1322 1503 centrum
1365 1461 1531 1502 moveri
1553 1475 1562 1512 3
1606 1467 1651 1502 et

49 1551 87 1574 20
106 1536 306 1590 quamvis
328 1549 385 1576 ex
407 1534 484 1575 tali
508 1541 629 1574 motu
659 1533 964 1574 inconveniens
985 1545 1072 1572 non
1094 1531 1275 1581 accidat,
1298 1536 1445 1572 tamen
1468 1530 1649 1571 ecentri-

105 1605 284 1646 citatem
307 1604 400 1658 ejus
417 1610 704 1644 consecuntur
721 1601 1005 1655 inpossibilia.
1071 1599 1183 1641 Cum
1203 1600 1320 1641 enim
1339 1600 1432 1654 ejus
1450 1605 1648 1641 centrum

82 1673 86 1676 ’
104 1673 233 1714 fuerit
254 1673 394 1714 eciam
416 1678 614 1714 centrum
644 1671 936 1713 convexitatis
958 1671 1095 1711 eciam
1119 1670 1235 1710 orbis
1257 1669 1314 1710 ab
1336 1669 1431 1723 ipso
1454 1669 1649 1710 contenti

105 1749 150 1784 et
170 1743 456 1784 concavitatis
479 1747 689 1795 queratur
705 1741 760 1782 de
783 1740 1056 1781 concavitate
1079 1739 1274 1779 contenti
1298 1744 1341 1778 et
1363 1738 1650 1779 convexitate

105 1812 382 1862 continentis,
406 1818 553 1852 utrum
577 1812 770 1864 ipsarum
795 1810 922 1850 fuerit
945 1810 1062 1850 idem
1085 1814 1295 1850 centrum.
1345 1808 1393 1853 si
1415 1808 1488 1858 sic,
1506 1807 1649 1849 adhuc

46 1895 84 1927 25
104 1881 304 1922 similiter
325 1888 532 1934 queratur
563 1881 617 1920 de
639 1880 847 1934 proximo
880 1878 987 1920 orbe
1008 1877 1198 1918 inferiori
1221 1884 1265 1918 et
1287 1876 1497 1932 proximo
1519 1890 1648 1934 supe-

105 1951 218 1992 riori,
281 1950 340 1992 Et
373 1963 549 1990 necesse
580 1956 646 1990 est
683 1956 797 1990 stare
825 1947 829 2002 Ι
858 1948 914 1988 ad
949 1947 1143 2000 aliquem
1181 1946 1335 1987 orbem
1368 1946 1649 2000 superiorem,

103 2019 206 2074 quia
228 2020 285 2061 ad
307 2019 449 2060 minus
471 2020 526 2059 ad
555 2031 854 2073 suppremum,
877 2016 1000 2070 cujus
1032 2016 1290 2057 convexitas
1315 2015 1444 2061 fuerit
1466 2028 1648 2056 concen-

104 2089 215 2130 trica
248 2095 292 2130 et
325 2089 576 2130 concavitas
607 2087 833 2137 ecentrica,
869 2093 912 2127 et
944 2086 1082 2127 eciam
1112 2085 1169 2125 ad
1202 2085 1354 2131 orbem
1385 2084 1648 2135 inferiorem,

104 2158 208 2211 quia
250 2159 305 2199 ad
339 2159 481 2199 minus
511 2159 568 2199 ad
601 2157 814 2208 infimum,
846 2155 968 2209 cujus
1004 2156 1253 2198 concavitas
1288 2155 1344 2202 sit
1373 2154 1650 2196 concentrica

45 2242 86 2273 30
105 2234 150 2269 et
172 2229 429 2269 convexitas
450 2227 683 2277 ecentrica,
706 2233 750 2268 et
778 2232 882 2266 tunc
911 2225 1107 2278 predicta
1130 2223 1414 2278 pertractanti
1437 2222 1651 2279 patebunt

105 2297 462 2338 inconveniencia
485 2302 744 2337 memorata.

166 2366 226 2407 Et
248 2367 387 2407 eciam
404 2373 556 2408 contra
573 2365 883 2406 Ptholomeum
903 2370 947 2405 et
964 2363 1074 2405 alios
1093 2362 1308 2415 positores
1331 2361 1647 2403 ecentricorum

105 2447 204 2476 cum
248 2435 394 2488 plures
437 2436 565 2476 orbes
606 2433 807 2476 ecentrici
852 2433 969 2474 idern
1012 2438 1209 2473 centrum
1247 2432 1452 2482 habeant,
1492 2443 1648 2483 ymmo

106 2504 304 2556 quilibet,
321 2505 562 2546 secundum
582 2504 737 2557 ipsum,
759 2502 894 2543 habet
915 2508 1115 2542 centrum
1139 2500 1486 2555 appropriatum.

46 2647 86 2679 35
167 2628 448 2683 <Capitulum
474 2636 567 2679 14¹⁰.
598 2629 649 2670 de
669 2628 859 2682 quadam
872 2626 1203 2682 ymaginacz'one
1224 2624 1569 2677 modernorum.)

167 2710 264 2751 Hec
306 2710 439 2764 igitur
475 2709 851 2751 considerantibus
887 2707 1060 2748 videtur
1096 2707 1215 2760 quod
1258 2719 1344 2746 non
1392 2706 1449 2746 sit
1485 2718 1648 2759 ponere

149 2799 191 2829 29
214 2787 276 2829 sit]
294 2789 332 2819 fit
349 2787 389 2818 M

1672 1960 1733 1991 128
1751 1969 1770 1990 a
1791 1969 1818 1991 1.
