1945 3079
802 142 882 186 337

74 254 138 289 est
172 247 288 288 idem
321 246 363 286 in
402 245 557 299 specie,
590 253 634 287 et
666 259 823 300 corpus
856 247 1064 289 circulare
1095 249 1366 291 abstractum
1399 256 1441 291 et
1470 256 1615 291 motus

73 316 288 358 circularis
309 315 568 363 abstractim,
592 321 638 356 ut
661 315 890 369 Averroys
914 323 1090 357 utamur
1112 317 1299 371 eloquio,
1326 319 1438 360 sicut
1460 332 1617 373 corpus

73 386 279 428 circulare
301 384 498 426 naturale
515 390 559 425 et
583 391 728 426 motus
745 385 1004 426 naturaliter
1019 387 1320 429 consideratus
1334 395 1376 429 et
1399 388 1618 430 circularis

73 454 284 497 naturalis
315 468 390 495 seu
433 454 655 506 quantitas
697 467 965 508 quecunque.
1030 456 1089 496 Et
1132 457 1187 496 ad
1225 457 1523 510 objeccionem
1556 457 1619 498 di-

37 539 55 571 5
75 524 262 565 cendum
292 529 358 564 est
385 523 505 576 quod
543 529 744 563 motuum
776 524 1131 564 concurrencium
1165 525 1495 579 impossibilitas
1532 539 1619 566 non

75 592 179 634 facit
220 591 592 640 contrarietatem,
631 597 679 633 ut
722 599 868 633 motus
902 598 1015 633 terre
1057 593 1112 634 sit
1149 594 1353 635 deorsum
1389 602 1433 636 et
1476 602 1621 636 motus

79 662 190 717 ignis
216 674 404 713 sursum,
426 666 491 701 set
517 667 663 701 motus
686 667 797 702 terre
821 662 1026 702 deorsum
1050 668 1094 702 et
1125 668 1271 704 motus
1302 663 1498 717 ejusdem
1528 677 1621 705 sur-

77 745 182 772 sum.
236 730 355 771 Nam
374 729 500 771 aliter
517 737 663 772 essent
682 731 771 772 duo
791 732 1008 772 contraria
1026 733 1114 784 uni,
1133 745 1185 772 eo
1200 733 1320 785 quod
1340 740 1486 774 motus
1508 740 1623 774 terre

75 814 248 842 sursum
283 799 576 841 contrariatur
609 799 749 840 motui
782 799 980 853 ejusdem
1013 801 1230 842 deorsum.
1296 801 1368 843 Sic
1397 802 1527 855 igitur
1560 803 1624 844 di-

19 889 59 912 10
76 869 265 920 cendum
300 874 366 909 est
399 869 469 910 hic
491 869 611 922 quod
643 875 788 910 motus
826 869 1098 910 diversorum
1127 870 1388 911 circulorum
1425 878 1502 912 aut
1532 885 1623 912 cor-

76 952 233 992 porum
263 937 342 978 sibi
371 937 649 978 obviancium
677 937 791 979 circa
814 937 929 978 idem
953 944 1152 980 centrum
1175 945 1219 980 et
1244 939 1369 992 polos
1400 937 1621 995 ejusdem!

79 1006 344 1062 impedirent
380 1020 427 1047 se
462 1013 632 1057 mutuo,
665 1012 731 1047 set
764 1020 852 1048 non
896 1014 1077 1061 propter
1117 1008 1201 1050 hoc
1242 1016 1369 1050 erunt
1406 1009 1623 1051 contrarii.
1643 1016 1684 1048 O.
1707 1025 1741 1048 11
1762 1016 1794 1047 b.

78 1077 196 1118 Nam
226 1077 262 1116 si
294 1075 640 1129 impossibilitas,
664 1082 711 1116 ut
742 1082 866 1129 patet
892 1077 934 1117 in
965 1083 1088 1119 motu
1121 1084 1253 1129 recto,
1277 1092 1364 1119 non
1398 1078 1500 1120 facit
1523 1092 1624 1120 con-

78 1146 365 1196 trarietatem,
388 1151 453 1186 set
475 1145 574 1186 licet
604 1151 748 1186 motus
770 1145 831 1186 hii
857 1146 1055 1199 ejusdem
1088 1146 1261 1189 mobilis
1288 1148 1331 1188 in
1359 1155 1479 1189 recto
1503 1155 1626 1190 motu

24 1232 61 1265 15
79 1217 273 1257 habeant
294 1214 665 1263 contrarietatem,
690 1228 779 1256 non
809 1221 959 1256 tamen
981 1217 1023 1256 in
1052 1217 1247 1259 circulari
1270 1225 1452 1272 propter
1474 1232 1627 1260 causas

78 1286 232 1327 dictas.
261 1283 266 1341 Ι

139 1355 272 1410 Quod
311 1368 416 1396 vero
452 1354 742 1409 Alpetragius
775 1356 882 1398 dicit
914 1356 1167 1410 hujusmodi
1206 1362 1352 1399 motus
1389 1371 1483 1399 esse
1525 1357 1726 1399 con-98b
1750 1366 1777 1388 1,

81 1425 248 1475 trarios,
290 1424 650 1466 contrarietatem
698 1425 1102 1478 impossibilitatem
1147 1433 1287 1477 vocat,
1319 1427 1469 1468 volens
1511 1428 1630 1480 quod

83 1495 200 1536 idem
223 1493 397 1544 mobile,
417 1500 464 1535 ut
485 1494 676 1548 planeta,
696 1508 783 1535 non
801 1495 943 1548 possit
962 1496 1125 1536 moveri
1144 1495 1188 1536 in
1212 1503 1358 1549 partes
1377 1498 1631 1548 contrarias,

10 1579 66 1606 ’πο
87 1578 230 1617 neque
253 1577 382 1618 super
404 1564 584 1604 eosdem
608 1563 734 1616 polos
752 1577 831 1605 nec
848 1578 978 1618 super
994 1564 1189 1606 diversos
1210 1579 1219 1616 ;
1251 1567 1372 1619 quod
1396 1567 1508 1608 bene
1528 1581 1631 1607 con-

88 1634 197 1675 cedo
220 1646 319 1673 cum
343 1646 396 1673 eo
418 1638 599 1686 propter
626 1632 1026 1686 inpossibilitatem,
1048 1634 1149 1675 licet
1173 1648 1261 1676 non
1284 1642 1464 1689 propter
1484 1650 1631 1677 veram

85 1702 452 1744 contrarietatem.
517 1702 650 1743 Unde
684 1715 785 1742 cum
818 1702 975 1756 Vulgus
1007 1703 1419 1757 philosophancium
1455 1706 1632 1746 estimat

85 1771 235 1813 stellas
274 1771 437 1813 moveri
475 1770 604 1812 simul
642 1772 698 1812 ad
733 1772 875 1812 oriens
910 1786 986 1825 per
1018 1779 1188 1814 motum
1221 1771 1462 1827 proprium,
1496 1781 1540 1815 et
1575 1774 1632 1814 ad

85 1841 288 1883 occidens
310 1853 387 1894 per
419 1846 587 1881 motum
621 1841 837 1891 diurnum,
858 1841 960 1882 licet
991 1843 1232 1883 secundum
1265 1842 1392 1895 polos
1424 1843 1634 1895 diversos,

28 1927 67 1960 ²5
87 1916 232 1952 errant
245 1910 357 1951 sicut
375 1909 641 1951 sufficienter
654 1910 1139 1963 posteacertificabitur.
1184 1911 1263 1953 Set
1281 1912 1316 1952 si
1331 1912 1500 1953 dicatur
1513 1914 1633 1966 quod

89 1980 132 2020 in
165 1978 362 2020 circulari
396 1985 521 2020 motu
553 1984 653 2019 sunt
683 1978 904 2029 dextrum,
937 1980 1176 2031 sinistrum,
1206 1995 1391 2033 sursum,
1413 1983 1636 2034 deorsum,

88 2055 191 2090 ante
214 2054 258 2089 et
288 2054 417 2097 retro,
447 2054 492 2089 et
522 2061 682 2100 corpus
711 2047 919 2089 circulare
951 2055 1150 2090 movetur
1172 2051 1228 2091 ad
1252 2051 1332 2093 has
1360 2051 1634 2093 differencias

88 2117 340 2165 contrarias,
373 2130 478 2170 ergo
504 2117 789 2158 contrarietas
819 2124 886 2159 est
916 2117 959 2158 in
989 2125 1113 2160 motu
1143 2120 1367 2162 circulari:
1398 2122 1632 2163 dicendum

91 2193 157 2228 est
179 2186 299 2240 quod
323 2199 411 2227 non
445 2185 612 2227 faciunt
643 2186 1001 2228 contrarietatem
1026 2189 1069 2228 in
1098 2202 1280 2244 corpore
1301 2191 1510 2243 circulari,
1532 2194 1635 2246 quia

31 2273 72 2304 30
91 2255 231 2297 solum
255 2260 356 2296 sunt
379 2255 438 2296 ibi
463 2269 539 2308 per
559 2256 941 2309 comparacionem
965 2257 1020 2297 ad
1046 2263 1192 2310 partes
1214 2258 1405 2301 hominis
1427 2267 1472 2302 et
1499 2262 1634 2303 situm

95 2338 182 2366 non
220 2324 461 2366 secundum
500 2324 743 2366 naturalem
776 2325 1052 2378 distanciam‚
1090 2327 1193 2380 quia
1226 2328 1381 2370 eadem
1414 2344 1515 2383 pars
1556 2330 1636 2372 celi

91 2407 205 2434 nunc
248 2399 314 2435 est
355 2395 651 2445 dextrorsum,
693 2407 809 2435 nunc
859 2395 1164 2450 sinistrorsum,
1207 2411 1320 2440 nunc
1366 2406 1481 2450 ante,
1523 2414 1636 2441 nunc

135 2496 155 2516 2
180 2486 386 2526 Averroys]
405 2484 442 2516 de
459 2484 532 2516 Celo
548 2487 578 2515 et
593 2484 724 2516 Mundo
741 2485 761 2516 i.
782 2495 824 2524 32
840 2495 962 2518 comm.

135 2573 156 2602 3
173 2562 353 2603 circulare]
363 2562 636 2601 corruptibileM
692 2573 711 2602 4
727 2560 785 2602 Et]
796 2561 838 2593 Et
851 2561 971 2593 ideOO
1038 2571 1057 2601 5
1075 2563 1355 2595 concurrencium
1367 2564 1640 2607 impossibilitas]

93 2615 346 2646 occurrencium
371 2614 687 2654 inconpossibilitas
717 2613 748 2644 Ο
859 2615 879 2645 8
904 2615 990 2645 Nam
1010 2615 1125 2656 aliter]
1146 2615 1223 2653 Jam
1251 2615 1294 2647 M
1405 2626 1440 2646 11
1467 2617 1638 2658 ejusdem]

95 2667 234 2697 eosdem
254 2665 284 2696 Ο
369 2676 408 2696 12
432 2666 503 2707 set]
517 2671 550 2697 et
563 2666 605 2696 M
686 2676 724 2705 13
738 2665 784 2707 si]
802 2676 864 2697 nec
880 2665 910 2696 O
996 2676 1100 2706 13-15
1117 2677 1186 2698 non
1209 2691 1216 2698 .
1233 2691 1239 2699 .
1260 2691 1268 2698 .
1287 2667 1449 2709 habeant]
1463 2669 1588 2700 habeat
1601 2669 1644 2700 M

98 2727 136 2756 17
160 2717 259 2759 dicit]
277 2717 401 2749 asserit
419 2717 450 2749 Ο
547 2728 585 2749 21
612 2717 928 2758 inpossibilitatem]
946 2718 1309 2758 incompossibilitatem
1324 2718 1355 2749 Ο
1442 2729 1484 2759 25
1508 2721 1639 2766 errant]

97 2770 195 2800 nimis
208 2774 298 2801 errat
313 2769 344 2801 Ο
427 2769 682 2810 certificabitur]
697 2770 903 2801 certificetur
914 2768 955 2798 M
1028 2772 1071 2802 26
1094 2771 1190 2812 sunt]
1207 2771 1294 2802 sicut
1313 2770 1344 2801 O
1422 2781 1475 2813 27,
1493 2773 1536 2804 28
1559 2778 1640 2805 ante

95 2845 103 2853 .
126 2844 133 2852 .
151 2827 164 2855 .“
179 2822 372 2853 contrarias
386 2832 452 2853 om.
471 2821 513 2852 M
643 2831 686 2862 30
710 2822 817 2852 solum
835 2832 901 2853 om.
919 2822 961 2853 M

164 2900 274 2919 R.13.1v
835 2888 864 2920 Α
890 2891 913 2919 a
