1945 3079
130 849 191 881 125
209 852 230 874 a
252 850 278 873 1.

1032 25 1117 76 428

298 155 431 195 super
469 146 641 182 motum
677 138 940 194 generalem,
973 145 1018 181 et
1060 146 1240 182 vocatur
1271 140 1351 183 hec
1385 142 1603 194 precessio
1643 155 1850 184 recessus.

299 210 516 263 Quamvis
549 209 683 263 igitur
716 223 795 263 per
820 215 967 250 totum
990 208 1199 251 circulum
1224 216 1268 251 et
1291 210 1548 252 inclinatum
1573 211 1850 253 uniformiter

300 284 542 330 moveatur,
587 285 772 333 apparet
815 286 965 320 tamen
1009 278 1053 319 in
1096 278 1189 333 ejus
1241 285 1365 321 motu
1419 280 1753 331 inuniformitas‚
1803 287 1848 323 et

298 354 512 403 apparent
545 348 588 388 in
625 361 712 388 una
749 347 1030 389 revolucione
1067 349 1233 402 proprii
1267 355 1413 390 motus
1445 350 1534 390 duo
1566 363 1778 400 accessuS,
1804 356 1847 391 et

299 419 388 459 duo
403 432 608 459 recessus,
664 417 797 472 Quod
815 424 965 459 autem
986 417 1274 459 Ptholomeus
1297 418 1492 473 ponebat
1511 426 1682 459 motum
1699 418 1850 472 hujus·
1870 436 1888 469 5

299 488 420 529 modi
468 489 587 529 orbis
629 489 837 529 continue
879 488 935 529 ad
977 487 1204 539 orientem,
1250 501 1383 528 causa
1424 487 1570 541 potuit
1596 501 1706 541 esse
1747 488 1851 541 quia

297 558 676 598 consideraciones
711 558 897 612 proprie,
933 564 980 598 et
1017 558 1156 599 eciam
1190 556 1412 598 Abrachis
1444 563 1488 599 et
1522 557 1851 605 Thimotaridis‚

297 628 354 668 ad
386 641 495 681 quas
517 627 745 678 referebat,
767 634 892 669 erant
914 633 1116 681 tempore
1138 640 1350 668 accessus.
1692 630 1699 632 ”

361 696 523 738 Utrum
555 704 705 739 autem
733 704 879 739 motus
904 697 1108 752 proprius
1139 697 1238 739 huic
1260 698 1368 749 celo,
1390 711 1468 751 per
1489 710 1623 751 quem
1647 701 1849 737 movetur

297 767 353 807 ad
368 767 833 820 comprehendendum
857 767 1202 808 incurtacionem
1217 766 1311 820 ejus
1334 780 1359 807 a
1381 773 1504 808 motu
1520 766 1675 820 primo,
1690 766 1817 807 fuerit
1842 762 1848 820 Ι
1872 782 1912 805 10

297 849 374 876 sue
426 836 709 877 incurtacioni
758 837 939 890 equaliS,
982 837 1168 877 dubium
1211 836 1292 877 fuit
1336 837 1454 890 apud
1502 835 1844 890 Alpetragium3

297 906 507 959 quoniam
531 920 744 960 apparere
771 907 946 960 poterit,
969 913 1017 947 ut
1040 907 1160 957 dicit,
1183 907 1301 960 quod
1332 906 1654 959 aliquantulum
1677 920 1703 946 a
1725 920 1847 946 com-

297 974 525 1028 plemento
556 975 743 1017 deficiat.
810 976 880 1017 Ita
909 977 1031 1030 quod
1063 981 1276 1029 appareat
1307 975 1346 1016 ei
1381 976 1425 1015 in
1458 988 1621 1028 magno
1647 982 1849 1029 ternpore

299 1049 448 1084 motus
471 1044 712 1085 secundum
736 1045 1061 1098 longitudinem
1084 1058 1219 1098 quam
1243 1045 1390 1098 posuit
1412 1057 1500 1085 non
1524 1050 1646 1085 tante
1667 1043 1843 1098 quanti-

298 1113 403 1154 tatis
423 1127 432 1163 3
455 1114 619 1166 poterit
642 1114 817 1167 utrique
838 1128 1054 1168 apparere
1076 1127 1153 1169 per
1170 1114 1351 1155 effectus
1370 1114 1677 1167 contingentes
1699 1113 1742 1154 in
1765 1113 1846 1171 hiis
1870 1127 1908 1160 15

300 1182 586 1231 inferioribus,
609 1184 711 1236 quia
740 1184 783 1224 in
813 1184 918 1238 ipsis
945 1184 1149 1225 videmus
1181 1184 1453 1225 mutaciones
1477 1196 1660 1236 magnas
1681 1183 1848 1237 absque

299 1252 555 1304 reversione,
579 1258 627 1292 ut
653 1259 718 1294 est
749 1253 943 1294 mutacio
976 1254 1017 1293 in
1044 1253 1244 1306 pluribus
1273 1253 1470 1307 partibus
1491 1259 1607 1294 terre
1628 1253 1685 1293 de
1706 1266 1847 1307 popu-

298 1321 467 1362 lacione
488 1322 544 1362 ad
569 1335 656 1363 non
679 1322 1031 1376 populacionem,
1046 1329 1089 1363 et
1111 1323 1153 1362 in
1167 1323 1262 1363 aliis
1279 1336 1302 1363 e
1317 1322 1538 1363 contrario
1557 1337 1564 1361 ε
1593 1328 1637 1363 et
1654 1321 1847 1363 mutacio

299 1403 512 1443 aquarum
537 1392 681 1439 maris,
702 1392 984 1445 tangencium
1007 1398 1155 1445 partes
1178 1398 1302 1442 terre,
1325 1397 1562 1445 postquam
1585 1398 1680 1433 erat
1696 1405 1846 1432 earum

298 1461 539 1511 descensio,
561 1467 605 1502 et
638 1475 662 1502 e
693 1462 911 1502 contrario
933 1462 988 1502 de
1010 1462 1102 1502 aliis
1124 1461 1321 1515 partibus
1342 1476 1351 1513 ;
1384 1468 1429 1502 et
1455 1461 1653 1502 similiter
1673 1461 1730 1502 de
1746 1474 1847 1502 aere
1869 1479 1909 1501 20

298 1530 500 1572 sanativo
523 1530 578 1570 ad
597 1544 741 1572 aerem
759 1537 1012 1584 corruptum
1036 1531 1080 1571 in
1099 1532 1364 1584 quibusdam
1383 1531 1500 1580 locis,
1523 1537 1566 1571 et
1581 1544 1604 1571 e
1625 1530 1846 1572 contrario

298 1599 341 1639 in
374 1599 481 1640 aliis.
546 1600 611 1642 Ut
639 1613 738 1641 cum
771 1601 852 1642 hee
885 1601 1159 1641 mutaciones
1189 1599 1346 1642 fuerint
1367 1600 1460 1642 sine
1478 1600 1734 1650 reversione,
1758 1613 1846 1640 non

297 1675 485 1721 possunt
526 1670 709 1720 causari,
746 1676 794 1710 ut
833 1670 1017 1718 videtur,
1050 1670 1133 1710 nisi
1171 1684 1197 1711 a
1234 1670 1433 1723 predicta
1468 1669 1718 1711 mutacione
1762 1668 1844 1710 celi

297 1737 475 1783 stellati,
540 1737 765 1791 Quoniam
803 1739 838 1780 si
875 1754 901 1781 a
933 1739 1095 1780 virtute
1132 1739 1313 1793 alicujus
1349 1739 1526 1793 planete
1564 1745 1845 1787 revertentur,

296 1819 397 1847 cum
421 1808 666 1849 reversione
690 1814 835 1850 motus
857 1809 895 1849 ei
917 1808 1166 1858 consimilis,
1181 1814 1228 1849 et
1243 1808 1303 1848 ita
1319 1808 1479 1849 rediret
1497 1806 1608 1848 infra
1631 1806 1686 1858 84
1707 1820 1846 1848 annos
1866 1822 1905 1855 25

297 1877 473 1917 solares.
539 1877 599 1918 Et
632 1878 667 1918 si
691 1892 717 1919 a
741 1879 991 1919 mutacione
1023 1878 1104 1919 celi
1136 1878 1297 1919 stellati
1330 1892 1461 1932 super
1483 1878 1608 1931 polos
1630 1877 1844 1932 proprios,

296 1947 331 1986 si
355 1946 484 1987 fuerit
507 1947 674 2000 equalis
698 1948 838 1989 motui
861 1962 993 2001 quem
1018 1949 1141 2002 ponit
1164 1947 1358 1988 Thebith
1376 1962 1454 2002 per
1475 1947 1658 1989 circulos
1673 1960 1844 2001 parvos,

296 2017 490 2058 redirent
513 2017 557 2056 in
579 2017 690 2067 4181
718 2018 843 2058 annis
866 2018 1090 2059 lunaribus
1113 2023 1156 2058 et
1180 2017 1417 2058 medietate
1436 2016 1536 2059 fere.

358 2130 606 2186 Capitulum
628 2133 840 2175 decimum
859 2133 881 2188 <
886 2133 938 2174 de
959 2134 1103 2175 causis
1119 2134 1423 2188 apparendum
1439 2135 1486 2175 in
1507 2134 1592 2175 celo
1608 2134 1843 2176 secundum

292 2200 333 2242 A
341 2201 360 2242 l
355 2203 558 2255 petragz‘u
563 2216 604 2243 m
613 2202 648 2256 >.
1057 2230 1059 2233 .
1863 2224 1904 2257 30

354 2282 455 2323 Hoc
492 2283 625 2336 igitur
664 2285 799 2325 modo
835 2286 1119 2339 ymaginatus
1150 2284 1537 2339 est,Alpetragius
1569 2298 1726 2326 causas
1762 2299 1841 2340 ap-

293 2352 546 2404 parencium
586 2353 628 2392 in
665 2353 762 2395 celo
794 2354 984 2396 stellato.
1059 2354 1110 2394 In
1147 2354 1327 2396 orbibus
1365 2354 1654 2408 planetarum,
1693 2359 1841 2408 preter

294 2427 465 2461 motum
514 2435 795 2463 communem
848 2424 975 2476 ponit
1024 2424 1134 2464 duos
1180 2428 1326 2464 motus
1372 2422 1510 2473 alios;
1563 2436 1698 2464 unum
1749 2436 1840 2477 quo

294 2497 526 2531 moventur
550 2504 682 2544 super
710 2491 837 2546 polos
870 2492 1082 2546 proprios,
1109 2491 1217 2533 alios
1250 2505 1275 2532 a
1308 2492 1421 2545 polis
1454 2492 1618 2540 mundi,
1640 2493 1697 2534 ad
1727 2492 1838 2533 occi-

292 2559 483 2612 dentem,
505 2574 594 2613 quo
626 2566 842 2614 appetunt
870 2561 1091 2614 complere
1121 2561 1229 2602 illud
1258 2575 1347 2615 quo
1375 2561 1648 2602 incurtantur
1667 2575 1693 2602 a
1716 2567 1839 2603 motu
1859 2572 1900 2605 35

293 2627 419 2679 primi
452 2634 612 2681 motus,
633 2643 719 2683 que
748 2631 926 2684 quidem
958 2630 1195 2672 incurtacio
1221 2630 1382 2671 dicitur
1408 2630 1648 2671 incurtacio
1670 2630 1838 2684 prima,

338 2727 380 2756 29
404 2717 589 2759 decimum]
614 2721 670 2759 9¹¹².
692 2720 732 2750 M
747 2730 856 2761 mmg.
