1945 3079
830 88 913 134 375

101 201 215 238 esset
251 201 368 236 terra
405 192 645 245 utriusque,
681 197 724 232 et
758 191 817 232 sic
851 192 907 233 de
939 191 1032 232 aliis
1065 190 1262 245 partibus
1302 190 1468 241 mundi,
1502 195 1545 231 et
1583 189 1644 231 sic

101 279 211 307 unus
235 263 437 304 mundus.

160 333 274 374 Item
302 345 389 385 qua
418 331 591 372 racione
619 337 764 371 essent
793 330 883 371 duo
915 330 1068 371 eadem
1094 329 1267 371 racione
1293 335 1380 370 tres
1410 334 1453 370 et
1482 329 1638 369 eadem

100 402 273 443 racione
295 407 485 454 quatuor
507 406 550 441 et
573 399 742 447 infiniti,
765 400 868 453 quia
891 413 1022 440 omne
1046 399 1317 440 mundanum
1341 397 1639 439 indifferenter

62 490 79 522 5
99 485 146 512 se
174 470 309 512 habet
341 471 395 511 ad
424 482 602 510 ornnem
632 482 876 519 numerum,
899 482 1003 523 ergo
1025 474 1101 509 aut
1124 474 1251 508 erunt
1277 467 1433 508 infiniti
1457 473 1531 508 aut
1553 480 1640 508 non

100 539 245 593 plures
271 552 371 580 uno,
433 538 511 580 Set
541 537 699 578 infiniti
731 551 825 579 esse
849 551 937 579 non
961 543 1159 590 possunt,
1182 550 1285 590 ergo
1317 542 1491 576 tantum
1515 549 1640 576 unus.

98 607 361 650 Aristoteles
383 607 499 649 enim
523 607 565 647 in
589 606 782 660 capitulo
814 607 864 647 de
897 620 1030 647 vacuo
1062 607 1194 647 istum
1223 606 1403 646 modum
1427 605 1640 659 arguendi

98 678 229 718 docet
247 679 300 718 de
317 690 500 717 numero
518 675 643 717 finito
666 684 709 717 et
732 675 917 725 infinito,
939 675 1118 729 quando
1142 681 1208 715 est
1230 688 1343 728 equa
1365 674 1482 715 racio
1505 674 1637 715 trium

97 747 211 788 sicut
235 746 423 787 duorum
445 751 490 786 et
511 752 701 798 quatuor
722 745 833 786 sicut
855 745 987 785 trium
1009 750 1053 784 et
1073 744 1134 785 sic
1157 743 1284 784 ultra.

41 834 81 858 10
158 816 271 856 Item
295 816 415 868 quod
441 822 508 856 est
540 815 583 855 in
616 813 702 855 fine
733 813 1015 868 perfeccionis
1048 813 1290 854 secundum
1319 818 1485 853 statum
1515 825 1642 852 suum

99 897 186 925 non
209 891 356 938 potest
379 898 474 925 esse
496 883 578 925 nisi
602 896 748 935 unum,
771 882 875 936 quia
897 882 1002 923 illud
1028 887 1094 923 est
1124 881 1314 935 primum
1338 886 1381 921 et
1409 880 1638 921 minimum

98 953 154 994 ad
183 952 302 1006 quod
335 952 421 993 alia
448 954 725 1002 reducuntur,
750 957 815 993 set
839 951 1029 992 mundus
1051 956 1118 991 est
1139 950 1405 1003 hujusmodi,
1429 963 1534 1003 ergo
1557 962 1643 990 non

98 1022 261 1063 debent
283 1035 378 1063 esse
400 1021 558 1075 plures.
605 1022 745 1062 Racio
767 1034 871 1062 vero
893 1033 1026 1074 quam
1051 1019 1155 1060 facit
1177 1019 1455 1069 Aristoteles,
1479 1018 1643 1060 scilicet

98 1091 217 1144 quod
250 1092 441 1132 mundus
472 1090 542 1131 hic
571 1096 760 1145 occupat
786 1095 927 1131 totam
962 1089 1191 1130 materiam
1224 1102 1348 1129 suam
1381 1088 1423 1128 in
1457 1101 1544 1129 uno
1577 1088 1642 1128 in-

40 1177 78 1211 15
99 1159 294 1210 dividuo,
331 1165 480 1213 petere
517 1160 690 1200 videtur
726 1158 1006 1212 principium,
1038 1171 1138 1199 nam
1172 1157 1255 1198 hoc
1288 1157 1464 1210 probari
1497 1157 1643 1198 debet.

99 1229 217 1269 Nam
235 1228 512 1269 adversarius
532 1229 636 1269 dicit
655 1229 885 1269 materiam
904 1225 1083 1267 alterius
1101 1226 1251 1267 mundi
1270 1240 1365 1267 esse
1386 1225 1640 1279 possibilem

98 1297 154 1339 ad
179 1297 365 1338 formam
389 1297 519 1350 hujus
544 1297 707 1347 mundi,
732 1302 776 1337 et
802 1296 901 1337 ideo
923 1309 1010 1336 non
1032 1295 1168 1336 habet
1190 1295 1398 1335 virtutem
1421 1294 1501 1335 hec
1525 1294 1642 1335 racio

99 1367 178 1408 nisi
204 1380 262 1407 ex
284 1366 545 1419 precedente
567 1380 700 1419 quam
724 1364 841 1406 facit.

158 1435 205 1477 Si
226 1449 329 1477 vero
356 1432 361 1490 Ι
391 1435 561 1476 dicatur
578 1434 810 1476 obiciendo
827 1435 947 1487 quod
965 1433 1089 1487 plura
1106 1433 1223 1474 bona
1241 1438 1340 1473 sunt
1362 1431 1641 1486 paucioribus
1667 1437 1727 1467 108
1744 1437 1766 1468 b
1787 1446 1814 1469 1.

40 1523 80 1546 20
100 1504 315 1560 eligenda,
337 1518 416 1558 per
437 1504 728 1545 Aristotelem
750 1504 793 1544 in
823 1503 958 1544 tercio
987 1502 1250 1556 Topz'corum,
1273 1515 1377 1555 ergo
1400 1500 1553 1542 melius
1576 1506 1643 1541 est

87 1568 195 1617 'esse
226 1574 372 1629 plures
406 1574 597 1615 mundos
629 1587 762 1627 quam
794 1586 952 1614 unum:
989 1572 1225 1613 dicendum
1258 1572 1377 1625 quod
1408 1584 1507 1621 non,
1539 1571 1643 1624 quia

99 1644 258 1686 sufficit
289 1656 412 1695 unus,
444 1649 488 1684 et
520 1642 786 1684 Aristoteles
819 1642 925 1682 dicit
956 1641 998 1681 in
1031 1647 1188 1682 octavo
1211 1640 1489 1681 Phisicorum
1521 1639 1641 1693 quod

102 1713 256 1755 melius
278 1718 344 1754 est
365 1726 529 1766 ponere
557 1710 562 1766 Ι
590 1712 799 1766 pauciora
821 1724 954 1764 quam
977 1710 1104 1764 plura
1125 1710 1160 1750 si
1184 1709 1390 1762 pauciora
1412 1708 1644 1757 sufficiant,
1666 1717 1710 1749 O.
1730 1727 1770 1758 30
1788 1728 1820 1749 a.

100 1788 145 1824 et
175 1788 374 1836 preterea
406 1786 694 1834 sequerentur
725 1779 1078 1821 inconveniencia
1106 1785 1326 1832 pretacta:
1366 1784 1410 1819 et
1432 1778 1533 1818 ideo
1558 1790 1646 1818 non

42 1865 81 1897 25
101 1857 168 1893 est
189 1851 362 1892 bonitas
386 1850 428 1890 in
453 1849 706 1903 pluralitate
730 1849 823 1890 hac.

161 1920 208 1962 Si
241 1919 412 1960 dicatur
443 1919 563 1972 quod
594 1917 869 1959 individuum
900 1923 1052 1958 natum
1082 1922 1149 1958 est
1175 1915 1410 1957 convenire
1437 1929 1537 1956 cum
1559 1915 1645 1957 alio

101 1988 327 2029 individuo
345 1987 543 2041 ejusdem
566 1982 743 2040 specieiJ
759 2001 862 2041 ergo
885 1991 1041 2027 natura
1059 1999 1146 2027 non
1170 1985 1304 2028 habet
1327 1999 1485 2038 ponere
1508 1998 1645 2026 unum

101 2056 375 2097 individuum
419 2062 607 2107 tantum,
640 2056 908 2097 Aristoteles
945 2054 1073 2096 solvit
1114 2055 1170 2103 ad
1207 2054 1292 2097 hoc
1329 2055 1447 2108 quod
1491 2061 1647 2096 natura

101 2124 303 2178 specifica
325 2126 478 2166 mundi
500 2132 640 2166 totam
666 2125 895 2166 materiam
919 2130 1108 2177 occupat
1130 2124 1173 2164 in
1196 2136 1283 2164 uno
1306 2123 1542 2172 individuo,
1560 2137 1644 2177 que

41 2207 83 2238 30
101 2200 204 2234 nata
241 2200 308 2235 est
343 2194 506 2236 habere
542 2194 729 2235 formam
769 2193 932 2241 mundi,
970 2199 1015 2233 et
1057 2192 1155 2233 ideo
1196 2205 1282 2232 non
1324 2198 1509 2245 possunt
1551 2205 1646 2233 esse

101 2262 228 2316 plura
259 2263 497 2314 individua,
530 2263 646 2304 unde
677 2263 794 2304 istud
826 2262 1102 2304 individuum
1135 2274 1221 2301 non
1251 2266 1317 2302 est
1354 2267 1506 2302 natum
1541 2274 1643 2303 con-

100 2331 249 2372 venire
285 2345 383 2373 cum
427 2331 514 2374 alio
552 2332 790 2382 individuo,
827 2337 870 2373 et
907 2331 1007 2372 ideo
1044 2329 1258 2371 instancia
1293 2337 1358 2371 est
1402 2329 1473 2370 hic
1517 2336 1561 2371 et
1602 2331 1644 2371 in

120 2471 123 2473 ’
147 2483 164 2513 7
190 2475 236 2505 de
254 2473 392 2515 vacuo]
410 2473 511 2515 Phys.
531 2475 572 2508 iv.
592 2474 710 2515 50-86.
864 2485 906 2505 20
930 2471 1175 2514 Topieorum]
1200 2472 1247 2503 iii.
1266 2483 1296 2503 2.
1456 2482 1497 2503 22
1522 2474 1648 2505 Phisi-

101 2525 247 2566 eorum]
270 2525 340 2558 viii.
358 2527 412 2566 48.

145 2665 167 2694 6
189 2664 339 2706 tantum]
365 2669 496 2697 tantum
521 2664 585 2696 erit
611 2664 643 2696 O
791 2675 830 2696 12
855 2663 1079 2706 reducuntur]
1106 2663 1281 2696 reducitur
1305 2663 1336 2695 O
1485 2673 1524 2703 13
1548 2662 1645 2705 facit]

103 2715 210 2755 utitur
243 2715 274 2746 Ο
429 2726 467 2756 15
492 2717 606 2759 debet]
627 2722 765 2757 oportet
782 2716 822 2747 M
949 2718 988 2747 18
1011 2717 1130 2758 quam]
1162 2718 1252 2756 quod
1287 2716 1317 2748 O
1455 2726 1494 2756 19
1518 2715 1649 2747 dicatur

105 2767 305 2809 obiciendo]
321 2768 490 2800 obiciatur
505 2768 536 2799 O
626 2779 667 2807 24
685 2768 930 2810 sequerentur]
942 2773 1130 2808 sequentur
1142 2768 1173 2799 O
1264 2779 1306 2809 29
1322 2767 1482 2809 occupat]
1494 2767 1598 2799 habet
1610 2767 1653 2798 M
