1945 3079
130 1020 186 1043 111
204 1012 225 1044 b
245 1021 273 1043 1.

1033 58 1117 111 386

297 189 396 218 cum
432 173 594 216 stellis:
643 177 914 226 quapropter
942 171 1170 213 diversitas
1197 171 1277 212 hec
1306 177 1509 213 motuum
1542 184 1630 212 non
1659 175 1724 211 est
1751 183 1848 224 pro-

296 250 395 297 pter
417 243 608 284 diversas
637 241 787 283 stellas
817 247 1006 291 tantum,
1029 247 1096 282 set
1118 247 1299 294 propter
1321 241 1622 283 diversitatem
1650 240 1837 282 orbium.

356 313 402 355 Si
425 312 642 354 obiciatur
664 311 784 364 quod
807 310 1020 352 velocitas
1041 317 1086 352 et
1116 310 1302 352 tarditas
1329 317 1395 351 est
1418 311 1461 351 in
1488 310 1686 364 qualibet
1707 323 1847 364 spera,

294 388 342 422 ut
376 382 418 422 in
447 395 574 434 spera
604 381 759 435 prima,
799 386 865 421 set
898 379 1226 434 equedistantes
1259 379 1465 431 diversas,
1499 387 1548 421 ut
1579 386 1748 421 tactum
1781 385 1849 420 est

293 451 427 504 prius,
461 464 567 504 ergo
599 450 801 490 similiter
833 449 877 490 in
909 449 1158 490 celestibus.
1222 449 1326 490 Non
1361 455 1428 490 est
1460 449 1713 502 negandum
1742 449 1848 502 quin
1868 467 1886 499 5

294 521 381 562 sint
406 526 553 562 motus
574 520 789 561 tardiores
813 526 857 561 et
879 519 1117 560 velociores
1140 518 1312 569 diversi,
1336 524 1379 559 et
1402 518 1464 559 ita
1486 517 1724 572 inequales,
1746 517 1848 560 licet

296 604 408 631 unus
437 596 550 631 esset
582 590 714 631 orbis.
779 589 1124 630 Concedendum
1158 594 1224 629 est
1256 588 1377 642 quod
1410 588 1636 642 inequales
1666 593 1848 641 possent

296 670 392 698 esse
423 657 466 697 in
498 670 585 698 uno
618 656 724 697 orbe
752 669 889 709 penes
920 655 1119 709 spacium
1150 655 1478 710 pertransitum,
1502 661 1567 696 set
1596 668 1685 696 non
1714 667 1848 709 penes

294 733 486 780 tempus.
551 726 651 766 Hec
673 726 790 766 enim
813 724 1077 779 inequalitas
1100 738 1186 778 que
1203 730 1269 765 est
1290 738 1426 779 penes
1448 731 1625 778 tempus
1647 723 1848 766 dissolvit

295 797 645 846 continuitatem,
669 796 910 836 secundum
933 794 1227 836 Aristotelem
1252 795 1408 848 quinto
1430 793 1761 848 Methaplzz'sice,
1781 799 1847 835 set
1868 813 1909 835 10

295 878 384 907 non
399 879 484 919 que
499 873 563 907 est
578 879 714 919 penes
729 866 940 919 spacium,
952 872 1000 907 ut
1016 865 1176 907 accidit
1192 865 1235 906 in
1251 865 1450 920 partibus
1468 864 1664 919 corporis
1680 864 1846 918 sperici.

354 935 402 977 Si
435 935 605 977 dicatur
635 935 757 988 quod
790 941 937 989 partes
966 934 1166 988 ejusdem
1198 949 1310 989 aque
1336 934 1535 975 seruntur
1564 933 1759 975 motibus
1781 933 1846 974 di-

293 1005 427 1046 versis
456 1011 499 1046 et
529 1004 769 1053 contrariis,
791 1010 840 1045 ut
862 1010 986 1057 patet
1009 1004 1064 1045 ad
1091 1017 1298 1055 sensum;
1325 1001 1333 1058 Ι
1361 1003 1598 1045 dicendum
1631 1009 1697 1044 est
1726 1003 1845 1057 quod

294 1088 382 1115 non
414 1079 480 1115 est
509 1087 612 1114 vere
647 1073 912 1115 continuitas
954 1073 1068 1114 inter
1104 1072 1200 1113 illas
1235 1078 1397 1126 partes,
1434 1085 1512 1113 nec
1547 1072 1591 1113 in
1622 1078 1746 1124 t0t0;
1778 1077 1846 1114 set

294 1144 523 1185 diversitas
554 1142 796 1184 numeralis
828 1143 1045 1185 distincta.
1110 1142 1170 1183 Et
1203 1142 1264 1184 ita
1295 1143 1331 1183 si
1360 1149 1476 1183 esset
1508 1142 1551 1183 in
1573 1141 1679 1190 celo,
1700 1148 1845 1183 essent
1867 1161 1905 1192 15

293 1214 423 1254 orbes
455 1213 651 1255 distincti
684 1218 727 1254 et
760 1213 919 1254 diversi
938 1226 947 1263 ;
991 1218 1035 1253 et
1063 1212 1147 1253 hoc
1180 1218 1246 1254 est
1279 1213 1398 1266 quod
1433 1225 1583 1266 quero.
1648 1212 1763 1253 Item
1800 1213 1844 1254 in

293 1283 493 1338 partibus
507 1296 622 1336 aque
640 1296 727 1323 non
751 1282 956 1324 accidunt
979 1282 1232 1336 hujusmodi
1255 1282 1492 1323 divisiones
1516 1288 1562 1324 et
1583 1287 1730 1324 motus
1752 1283 1845 1323 sine

292 1352 586 1394 rarefaccione
623 1358 667 1393 et
702 1351 1049 1394 condensacione
1086 1357 1130 1393 et
1172 1352 1266 1392 sine
1300 1352 1411 1393 duro
1445 1357 1490 1393 et
1525 1350 1659 1402 molli,
1692 1365 1843 1393 secun-

292 1422 398 1463 dum
415 1421 534 1475 quod
552 1427 652 1462 sunt
670 1420 891 1462 naturales
907 1420 1121 1474 potencie.
1186 1419 1263 1462 Set
1279 1434 1358 1462 nec
1378 1426 1525 1462 motus
1544 1421 1845 1463 rarefaccionis

291 1497 336 1532 et
358 1490 721 1532 condensacionis
747 1503 827 1531 nec
850 1490 1140 1531 contrarietas
1161 1490 1258 1531 duri
1279 1496 1323 1531 et
1347 1489 1492 1532 mollis
1519 1496 1620 1531 sunt
1642 1490 1686 1531 in
1706 1488 1816 1532 celo.
1866 1506 1908 1529 20

352 1560 400 1602 Si
434 1560 606 1601 dicatur
636 1560 755 1614 quod
788 1560 998 1614 ponendo
1029 1560 1071 1600 in
1107 1560 1214 1601 orbe
1242 1560 1440 1601 diversos
1478 1566 1626 1601 motus
1657 1565 1843 1613 apparet

292 1631 410 1684 quod
434 1630 629 1683 contigui
651 1629 751 1679 sint,
773 1643 825 1670 eo
846 1630 964 1683 quod
988 1642 1076 1670 non
1099 1635 1164 1670 est
1188 1629 1247 1670 ibi
1277 1642 1477 1680 vacuum,
1504 1635 1608 1671 tunc
1641 1643 1699 1670 ex
1722 1628 1846 1671 colli-

292 1700 414 1740 sione
437 1699 518 1740 erit
540 1712 673 1740 sonus
697 1699 808 1740 sicut
830 1699 873 1739 in
894 1699 1054 1740 eodem
1076 1697 1183 1739 orbe
1211 1711 1291 1752 per
1314 1705 1485 1740 motum
1507 1699 1661 1749 stelle;
1694 1699 1842 1740 dicen-

291 1769 398 1810 dum
420 1769 540 1822 quod
563 1781 665 1817 non,
688 1769 791 1822 quia
823 1782 900 1823 per
921 1768 1034 1809 hanc
1066 1768 1183 1809 viam
1214 1781 1301 1809 non
1325 1768 1523 1821 sequitur
1554 1768 1635 1810 hec
1667 1774 1841 1810 contra-

292 1838 422 1880 rietas
460 1852 546 1892 que
581 1844 648 1880 est
682 1838 796 1879 inter
828 1839 987 1879 durum
1029 1845 1074 1880 et
1113 1837 1259 1879 molle.
1341 1838 1458 1879 Nam
1496 1838 1552 1879 ad
1587 1844 1843 1879 contactum
1865 1853 1904 1886 25

293 1921 445 1948 eorum
472 1920 560 1948 non
584 1908 781 1961 sequitur
795 1907 876 1948 hec
898 1907 1196 1958 contrarietas,
1215 1913 1280 1948 set
1297 1907 1353 1948 ad
1369 1907 1628 1949 divisionem
1645 1907 1842 1961 parcium

294 1977 423 2017 unius
445 1976 563 2017 orbis
585 1977 783 2030 sequitur
804 1977 885 2018 hec
906 1976 1204 2025 contrarietas,
1226 1983 1270 2018 et
1293 1977 1462 2018 collisio
1492 1975 1655 2019 faciens
1683 1990 1840 2019 sonum

292 2059 380 2086 non
402 2046 563 2087 accidit
586 2045 667 2087 nisi
692 2046 764 2086 ubi
788 2052 854 2087 est
876 2046 1073 2088 duricies.

350 2115 398 2158 Si
440 2115 612 2157 dicatur
652 2116 772 2169 quod
814 2116 870 2156 ad
912 2116 1130 2156 unitatem
1174 2121 1322 2156 motus
1364 2114 1407 2155 in
1445 2115 1602 2156 eodem
1641 2120 1842 2170 ternpore

292 2186 489 2239 sequitur
510 2185 778 2226 continuitas
811 2198 888 2239 per
915 2183 1206 2243 Aristotelem
1240 2184 1397 2238 quinto
1426 2183 1755 2239 Methaphz·sice,
1776 2191 1842 2228 set
1861 2201 1903 2233 30
1940 2179 1941 2184 ¹

290 2261 433 2295 totum
467 2254 609 2296 celum
642 2260 843 2295 movetur
875 2261 1000 2295 motu
1033 2254 1191 2295 diurno
1224 2254 1267 2294 in
1299 2254 1458 2295 eodem
1490 2260 1704 2307 tempore,
1737 2268 1843 2310 ergo

291 2323 371 2365 erit
412 2324 705 2373 continuitas;
757 2337 860 2365 nam
902 2323 1060 2377 positis
1101 2322 1285 2364 diversis
1327 2323 1597 2376 corporibus,
1633 2323 1841 2378 precipue

291 2406 390 2434 cum
415 2406 575 2446 magna
592 2393 808 2435 distancia
825 2406 910 2446 que
924 2398 990 2434 est
1008 2393 1122 2434 inter
1136 2398 1337 2433 centrum
1355 2393 1545 2445 primum
1561 2398 1605 2434 et
1620 2392 1840 2444 ultimum,

290 2473 379 2502 non
412 2460 494 2501 erit
523 2474 701 2502 necesse
727 2462 846 2515 quod
873 2461 1013 2503 celum
1048 2467 1268 2503 remotum
1299 2467 1529 2503 moveatur
1559 2475 1638 2515 per
1667 2468 1839 2503 motum
1938 2508 1940 2517 s

291 2530 524 2584 superioris
540 2530 621 2572 celi
639 2543 649 2580 3
672 2536 739 2571 set
758 2537 990 2572 moventur
1004 2530 1135 2572 simul
1151 2531 1311 2572 eodem
1329 2536 1464 2580 motu,
1481 2543 1588 2583 ergo
1606 2543 1693 2571 non
1712 2537 1840 2572 erunt
1860 2542 1900 2576 35

291 2600 476 2651 diversi;
510 2600 744 2641 dicendum
766 2602 1009 2642 secundum
1034 2599 1345 2641 Ptholemeum
1368 2600 1489 2652 quod
1507 2598 1675 2641 nullu‘rn
1693 2599 1836 2642 celum
1938 2599 1939 2605 ’

337 2723 378 2745 ιο
401 2713 700 2755 Methaphisioo]
725 2725 756 2745 ν.
776 2714 806 2744 8.
969 2723 1013 2753 30
1037 2713 1332 2754 Methaphisioe]
1349 2713 1413 2746 loc.
1434 2713 1491 2745 cit.
1656 2714 1700 2754 36
1724 2715 1840 2746 Ptho-

289 2765 468 2807 lemeum]
486 2766 665 2805 Almagest
683 2766 727 2797 iii.
748 2775 768 2805 3
789 2767 835 2807 (p.
850 2766 902 2804 69,
923 2766 976 2797 ed.
997 2765 1077 2797 Bas.
1101 2764 1211 2806 1541).
