1945 3079
796 128 879 169 319

68 229 269 286 puncta'.
333 230 413 272 Set
442 243 500 270 ex
532 229 700 271 eisdem
729 230 1012 283 componitur
1041 231 1082 270 in
1113 244 1198 284 que
1232 230 1474 281 resolvitur,
1506 242 1612 282 ergo

68 313 227 353 corpus
249 299 527 353 componitur
549 312 606 338 ex
629 299 804 352 punctis
827 305 871 339 et
894 313 950 339 ex
973 298 1177 340 athomis.

125 369 202 410 Ad
221 369 305 410 hoc
320 369 518 409 nituntur
536 367 662 408 multi
683 368 983 421 multipliciter
999 368 1276 422 respondere,
1291 374 1334 409 et
1351 367 1616 409 Aristoteles

68 439 162 493 ipse
194 438 338 492 primo
369 436 421 477 de
449 435 736 478 Generacz'one
766 437 896 478 solvit
929 437 972 477 in
1004 436 1160 489 Greco,
1182 443 1248 478 set
1282 438 1324 477 in
1357 437 1494 478 latino
1526 449 1615 478 non

32 517 50 550 5
69 507 317 550 continetur
347 506 495 559 aliqua
528 506 695 547 solucio
724 512 905 560 propter
935 506 1098 547 malam
1122 505 1471 547 translacionem.
1537 505 1615 547 Di-

69 576 256 618 cendum
275 589 379 629 ergo
401 575 520 628 quod
544 588 643 616 cum
667 574 826 616 dicitur
851 579 1034 628 ‘corpus
1058 580 1123 615 est
1141 574 1356 616 divisibile
1373 575 1615 615 secundum

70 645 218 687 omnia
237 650 401 699 puncta
415 643 424 660 ’
447 644 566 696 quod
590 644 671 685 hec
689 644 1007 685 determinacio
1025 643 1289 685 adverbialis
1308 650 1455 696 potest
1473 644 1618 684 deter-

72 714 240 755 minare
272 714 355 754 hoc
382 714 501 766 quod
528 713 628 755 dico
655 713 875 755 divisibile
905 713 1078 754 racione
1108 712 1203 765 ejus
1229 713 1348 765 quod
1373 719 1440 753 est
1468 712 1618 761 dividi,

71 782 139 825 vel
171 783 343 824 racione
371 781 465 836 ejus
497 783 618 835 quod
650 789 716 824 est
746 788 908 836 potest,
930 788 979 823 ut
1009 782 1066 824 sit
1091 781 1150 822 ibi
1174 781 1347 822 fallacia
1379 781 1619 823 secundum

15 873 54 896 10
72 853 334 909 divisionem
352 857 397 893 et
420 851 804 905 composicionem.
836 852 840 907 Ι
870 852 917 893 Si
941 852 1115 893 racione
1133 851 1227 905 ejus
1244 852 1363 905 quod
1382 857 1449 893 est
1470 850 1620 899 dividi,
1640 870 1681 902 93
1699 859 1721 891 b
1742 868 1771 891 2.

72 923 133 963 sic
159 928 226 963 est
251 921 521 975 inpossibilis
550 921 631 962 hec
658 922 919 976 proposicio,
949 921 1052 975 quia
1077 921 1159 963 hoc
1186 922 1370 962 verbum
1397 921 1534 962 dividi
1557 926 1623 961 est

74 991 288 1045 presentis
326 990 538 1045 temporis
576 998 620 1032 et
657 991 757 1032 ideo
793 991 1099 1033 actualitatem
1137 991 1357 1032 divisionis
1399 991 1624 1044 importat,

73 1061 194 1115 quod
215 1067 282 1102 est
305 1060 560 1115 inpossibile
586 1060 690 1101 fieri.

135 1128 182 1171 Si
223 1143 329 1171 vero
370 1129 690 1171 determinetur
729 1130 814 1171 hoc
857 1129 1075 1171 divisibile
1113 1130 1288 1170 racione
1324 1128 1455 1181 hujus
1491 1128 1626 1178 verbi,

20 1218 57 1251 ¹5
77 1204 239 1253 potest,
262 1205 365 1240 tunc
396 1199 554 1240 accidit
586 1199 870 1253 equivocacio
904 1200 958 1240 de
990 1199 1206 1254 potencia.
1272 1198 1389 1238 Nam
1422 1197 1627 1251 potencia

76 1268 361 1322 distinguitur
382 1268 626 1310 secundum
647 1268 949 1318 Aristotelem,
972 1268 1106 1309 tercio
1123 1267 1416 1317 Plzisz‘cormn,
1434 1280 1520 1307 una
1542 1280 1630 1320 que

77 1343 224 1392 potest
242 1338 303 1378 ire
320 1338 362 1378 in
381 1344 528 1379 actum
547 1350 721 1392 purum,
741 1338 808 1378 cui
827 1337 964 1378 nichil
982 1338 1238 1378 admixtum
1255 1343 1322 1377 est
1339 1337 1394 1377 de
1413 1337 1630 1389 potencia,

80 1413 128 1448 ut
160 1406 295 1447 homo
327 1406 609 1448 commedere
642 1412 790 1460 potest
812 1406 882 1447 vel
914 1407 1101 1447 scribere
1130 1406 1312 1459 quando
1338 1418 1424 1446 non
1451 1411 1517 1446 est
1547 1405 1629 1445 im-

81 1477 258 1531 peditus
280 1476 315 1517 si
338 1476 501 1517 habeat
527 1475 799 1517 voluntatem
817 1492 829 1525 3
863 1475 949 1517 alia
976 1481 1042 1517 est
1073 1476 1280 1530 potencia
1302 1489 1388 1529 que
1411 1475 1631 1516 reducitur

22 1567 64 1590 20
81 1547 138 1588 ad
160 1552 308 1587 actum
333 1546 551 1600 inpurum,
574 1545 754 1596 scilicet,
783 1545 851 1586 cui
878 1559 1053 1598 semper
1077 1545 1346 1586 admiscetur
1377 1543 1543 1597 aliquid
1577 1543 1631 1584 de

78 1614 290 1668 potencia
313 1615 369 1655 ad
401 1613 653 1656 ulteriorem
683 1622 844 1662 actum,
867 1615 982 1655 sicut
1011 1620 1078 1655 est
1103 1614 1160 1655 de
1181 1615 1387 1669 potencia
1408 1613 1633 1654 divisionis

83 1684 292 1733 continui,
315 1684 419 1737 quia
440 1683 539 1725 licet
561 1683 700 1738 possit
722 1690 824 1725 actu
848 1684 890 1724 in
913 1684 1023 1725 duas
1047 1683 1307 1724 medietates
1329 1683 1475 1731 dividi,
1499 1682 1566 1724 vel
1591 1684 1632 1722 in

84 1760 172 1795 tres
193 1753 360 1803 tercias,
385 1760 429 1795 et
452 1754 494 1793 in
515 1761 705 1806 quatuor
727 1760 917 1806 quartas,
940 1759 983 1794 et
1005 1753 1067 1794 sic
1089 1753 1214 1803 ultra,
1237 1753 1479 1793 secundum
1502 1766 1634 1792 omne

83 1836 223 1877 genus
245 1823 488 1873 fraccionis‚
509 1829 661 1864 tamen
684 1822 828 1863 adhuc
850 1822 1046 1875 quelibet
1069 1835 1170 1875 pars
1193 1828 1259 1862 est
1281 1821 1512 1863 divisibilis
1533 1834 1633 1862 cum

24 1909 65 1941 25
84 1891 215 1933 simili
233 1891 448 1932 divisione
466 1892 510 1932 in
528 1891 760 1942 infinitum,
779 1892 840 1933 ita
858 1893 977 1945 quod
997 1905 1240 1944 numquam
1262 1896 1351 1932 stat
1373 1890 1453 1932 hec
1475 1890 1633 1931 divisio

84 1961 141 2003 ad
179 1967 328 2002 actum
366 1974 538 2014 purum.
602 1961 749 2001 Primo
782 1961 916 2002 modo
953 1961 1097 2002 adhuc
1134 1967 1199 2001 est
1232 1960 1341 2001 falsa
1373 1960 1635 2013 proposicio,

85 2030 280 2072 secundo
304 2030 437 2071 modo
459 2036 526 2071 est
547 2044 662 2071 vera.

147 2099 208 2140 Et
237 2099 438 2140 similiter
465 2098 546 2141 hec
573 2098 835 2153 proposicio,
856 2112 1013 2153 corpus
1046 2104 1194 2152 potest
1228 2098 1364 2140 dividi
1393 2098 1636 2139 secundum

87 2169 237 2210 omnia
269 2175 445 2222 puncta,
469 2176 538 2211 est
569 2169 896 2222 distinguenda,
919 2168 1063 2222 primo
1095 2181 1231 2221 penes
1262 2168 1636 2221 composicionem

28 2257 70 2289 30
88 2244 131 2280 et
154 2238 426 2290 divisionem,
449 2239 644 2280 secundo
667 2252 802 2291 penes
824 2237 1225 2291 equivocacionem.
1269 2236 1346 2278 Set
1366 2236 1636 2278 Democritei

88 2314 329 2362 aggravant
362 2321 543 2349 manum
577 2309 620 2348 in
652 2309 734 2349 hac
765 2313 902 2361 parte,
925 2308 1120 2348 dicentes
1150 2307 1269 2360 quod
1298 2306 1521 2359 loquendo
1548 2304 1552 2361 Ι
1582 2307 1638 2348 de
1658 2316 1699 2348 Ο.
1720 2325 1737 2356 5
1755 2325 1784 2346 a.

90 2377 294 2431 potencia
331 2384 532 2432 respectu
570 2383 694 2418 actus
728 2378 837 2430 puri,
870 2376 1124 2429 hujusmodi
1162 2376 1493 2430 proposiciones
1535 2382 1637 2418 sunt
1695 2413 1698 2416 ,

120 2535 154 2563 ·4
178 2526 224 2555 de
243 2524 517 2565 Generaeione]
534 2525 554 2555 i.
575 2535 605 2563 9.
670 2524 721 2555 Cf.
741 2524 809 2555 this
825 2527 1010 2555 statement
1028 2523 1110 2555 with
1129 2523 1188 2555 the
1205 2524 1478 2563 corresponding
1495 2533 1639 2564 passage

92 2577 125 2608 in
143 2577 204 2608 the
223 2576 284 2617 Op.
311 2576 404 2617 Tert.‚
424 2587 455 2616 p.
479 2587 536 2617 131
558 2577 714 2608 Brewer.
944 2578 982 2607 16
1007 2575 1260 2616 Phisieorum]
1279 2576 1322 2607 iii.
1340 2577 1437 2607 6-11.

140 2719 153 2740 1
180 2709 376 2751 resolvitur]
395 2709 557 2740 dividitur
576 2708 606 2739 O
754 2710 775 2740 8
799 2709 890 2750 dico]
908 2713 961 2740 est
981 2709 1011 2740 O
1159 2720 1198 2739 12
1222 2709 1316 2750 ideo]
1336 2709 1412 2740 ideo
1427 2713 1539 2740 actum
1559 2713 1592 2739 et
1611 2709 1642 2739 O

97 2772 135 2801 14
160 2761 241 2802 hoc]
257 2762 312 2792 hic
329 2762 419 2802 quod
437 2767 489 2793 est
509 2762 539 2794 Ο
677 2763 715 2793 16
741 2761 979 2802 distinguitur]
998 2762 1180 2801 dupliciter
1197 2762 1322 2793 dicitur
1343 2761 1374 2792 O
1507 2771 1549 2801 29
1573 2761 1640 2802 est]

95 2818 146 2845 est
164 2814 283 2845 eodem
302 2814 403 2845 modo
422 2813 453 2845 O
