1945 3079
824 113 905 155 447

94 214 376 256 revolvuntur
399 221 522 256 motu
553 216 710 257 diurno
740 217 795 256 ab
823 217 991 258 oriente
1014 218 1056 257 in
1083 219 1299 261 occidens,
1358 221 1517 264 Oriens
1540 225 1635 276 qui-

93 284 195 324 dem
216 284 458 325 attenditur
480 298 614 337 penes
637 285 1035 327 circumferenciam
1060 288 1183 327 unius
1206 288 1353 329 circuli
1380 292 1454 343 qui
1479 292 1636 333 dividit

94 353 306 393 mundum
330 352 372 392 in
405 353 515 393 duas
548 360 694 407 partes
727 354 914 407 equales,
936 355 1061 409 cujus
1095 357 1183 409 poli
1215 364 1317 398 sunt
1349 360 1440 412 poli
1472 361 1634 403 mundi.

94 422 155 463 Et
177 428 358 463 vocatur
388 422 709 475 equinoccialis,
731 424 835 476 quia
856 425 1035 477 quando
1069 424 1145 466 Sol
1167 427 1287 467 venit
1309 429 1364 468 ad
1396 441 1510 477 eum,
1533 434 1636 469 tunc

55 506 72 538 5
93 491 134 532 in
157 491 277 532 omni
304 492 482 545 regione
506 497 572 532 est
594 492 912 545 equinoccium.
978 494 1036 535 Et
1061 500 1242 535 vocatur
1264 495 1464 550 cingulus
1488 503 1636 537 motus

93 560 220 614 primi
242 567 285 601 et
316 561 557 601 secundum
590 561 820 602 veritatem
850 562 1009 604 >dividit
1042 563 1232 616 primum
1267 564 1428 605 mobile
1450 566 1492 605 in
1526 566 1636 606 duas

92 634 240 683 partes
278 628 467 681 equales,
504 643 580 670 seu
614 630 806 683 primum
843 631 987 671 celum
1022 634 1318 686 quodcunque
1352 634 1395 674 id
1435 634 1503 685 sit,
1545 635 1636 674 sive

93 705 305 750 quantum
323 699 378 739 ad
402 712 579 739 sensum
599 699 772 740 dicatur
792 707 949 742 octava
971 714 1109 754 spera,
1133 716 1208 743 seu
1231 704 1473 743 secundum
1498 704 1636 744 racio-

93 781 194 808 nem
227 768 284 808 sit
315 781 430 808 nona
461 782 600 822 spera,
623 768 690 810 vel
724 770 865 822 magis
896 770 1079 821 decima,
1104 777 1151 811 ut
1184 771 1530 825 investigabitur.
1578 773 1636 813 Et

34 850 74 872 10
93 836 193 877 huic
219 836 381 877 circulo
413 844 515 878 sunt
547 838 864 890 equidistantes
904 839 1072 881 infinite
1104 840 1172 881 vel
1205 842 1329 895 quasi
1362 856 1420 883 ex
1454 848 1637 896 utraque

92 907 159 948 sui
181 914 317 960 parte,
342 920 427 959 que
459 912 686 949 transeunt
719 921 796 961 per
827 908 1020 962 singulas
1054 916 1201 963 partes
1232 911 1313 951 celi
1346 912 1485 965 primi,
1507 925 1637 965 super

93 990 206 1030 quos
247 976 431 1017 circulos
473 975 669 1016 feruntur
711 976 783 1017 ille
828 985 976 1031 partes
1019 978 1062 1018 in
1104 979 1285 1021 circuitu
1324 982 1475 1022 mundi
1514 988 1636 1022 motu

93 1046 251 1086 diurno
271 1057 280 1095 ;
314 1051 356 1085 et
380 1052 505 1087 tanto
527 1053 628 1087 sunt
643 1047 830 1100 majores
852 1053 1019 1100 quanto
1041 1049 1327 1101 equinocciali
1351 1051 1636 1104 propinquio-

97 1128 178 1168 res,
215 1122 259 1156 et
296 1122 422 1156 tanto
457 1116 647 1157 minores
679 1123 846 1169 quanto
888 1116 1000 1168 polis
1037 1118 1277 1160 viciniores.
1360 1119 1485 1172 Quos
1517 1121 1636 1174 equi-

35 1194 73 1226 15
94 1185 311 1226 distantes
333 1191 642 1237 pertranseunt
667 1191 815 1238 partes
844 1185 923 1226 celi
955 1183 959 1240 Ι
988 1186 1115 1239 primi
1147 1201 1300 1229 omnes
1329 1195 1449 1230 motu
1480 1189 1637 1231 diurno

93 1254 168 1307 qui
193 1260 258 1295 est
281 1253 501 1295 revolucio
523 1254 831 1307 equinoccialis
853 1254 1000 1296 circuli
1028 1256 1121 1309 ejus
1144 1263 1186 1297 et
1209 1257 1437 1310 cujusdam
1462 1259 1638 1299 'modice

94 1323 243 1377 partis.
298 1324 358 1364 Et
390 1323 634 1364 attenditur
666 1323 737 1364 hic
773 1330 917 1364 motus
955 1337 1086 1377 penes
1120 1326 1463 1378 equinoccialem
1498 1328 1638 1380 magis

94 1406 228 1446 quam
253 1406 386 1445 penes
408 1393 517 1433 alios
539 1393 871 1445 equidistante5‚
890 1394 994 1445 quia
1010 1400 1076 1435 est
1095 1394 1236 1446 major
1253 1395 1434 1436 circulus
1453 1396 1495 1436 in
1514 1410 1640 1450 spera

94 1476 224 1515 super
246 1476 378 1515 quem
409 1462 459 1504 fit
492 1469 638 1503 motus
661 1463 883 1502 maximus
913 1462 1179 1516 intempore
1201 1478 1349 1517 parvo,
1385 1464 1561 1515 scilicet,
1596 1466 1639 1505 in

36 1545 76 1567 20
95 1545 182 1573 uno
204 1533 276 1573 die
297 1531 498 1581 naturali,
514 1531 588 1584 qui
607 1537 673 1571 est
695 1531 893 1585 spacium
912 1533 1122 1585 temporis
1140 1547 1228 1586 quo
1248 1533 1325 1574 Sol
1340 1534 1455 1574 redit
1470 1533 1526 1574 ab
1541 1542 1638 1575 ortu

95 1602 152 1642 ad
190 1608 349 1642 ortum.
413 1600 474 1642 Et
510 1614 609 1642 cum
645 1600 841 1654 quelibet
871 1615 972 1654 pars
1010 1601 1091 1642 celi
1123 1603 1250 1655 primi
1285 1603 1481 1656 perficiat
1513 1618 1638 1645 suam

73 1668 422 1712 ‘revolucionem
463 1670 506 1710 in
540 1670 698 1710 eodem
736 1677 948 1724 tempore,
992 1677 1035 1711 et
1065 1679 1233 1725 quanto
1270 1678 1416 1725 partes
1446 1679 1545 1713 sunt
1583 1674 1640 1714 ab

96 1754 149 1782 ea
195 1739 458 1781 remociores
499 1744 544 1780 et
590 1738 701 1791 polis
743 1739 981 1789 viciniores,
1019 1746 1144 1781 tanto
1184 1742 1352 1782 tardius
1395 1748 1638 1792 moventur,

95 1810 198 1863 quia
230 1815 538 1864 pertranseunt
571 1809 714 1849 minus
745 1809 945 1861 spacium
980 1809 1023 1849 in
1055 1810 1212 1851 eodem
1245 1816 1446 1864 tempore
1477 1812 1521 1850 in
1550 1825 1639 1864 quo

37 1892 76 1924 25
97 1879 344 1920 maximum
366 1879 563 1932 spacium
588 1878 809 1918 transitur.
872 1878 932 1919 Et
964 1879 1048 1919 isto
1081 1885 1205 1920 motu
1232 1881 1460 1933 rapiuntur
1487 1894 1640 1922 omnes

95 1949 223 1990 orbes
245 1955 346 1990 octo
369 1949 412 1988 in
435 1948 507 1989 die
529 1947 717 1988 naturali
740 1948 796 1987 ab
818 1947 984 1989 oriente
1006 1948 1061 1988 ad
1089 1949 1243 1990 oriens.

157 2017 237 2060 Set
272 2018 505 2071 unicuique
534 2018 690 2057 harum
723 2030 948 2069 sperarum
983 2023 1084 2058 octo
1119 2018 1232 2059 inest
1269 2019 1453 2060 circulus
1487 2033 1640 2060 secans

97 2102 195 2130 eam
219 2089 261 2128 in
284 2088 372 2128 duo
396 2087 542 2127 media
565 2099 642 2139 per
662 2100 794 2140 quern
826 2093 1029 2127 movetur
1057 2087 1299 2128 secundum
1331 2088 1640 2130 Ptholomeum

96 2159 153 2200 ab
176 2158 342 2198 oriente
366 2157 410 2197 in
431 2157 719 2197 occidentem.
784 2154 983 2197 Circulus
1011 2157 1159 2209 itaque
1187 2157 1262 2210 qui
1291 2164 1411 2198 secat
1439 2164 1640 2199 octavam

37 2240 79 2271 30
97 2240 271 2281 speram
314 2232 380 2266 est
423 2225 623 2279 cingulus
663 2225 782 2266 orbis
823 2225 1060 2279 signorum,
1099 2225 1173 2278 qui
1210 2233 1392 2267 vocatur
1422 2227 1643 2278 zodiacus,

96 2296 153 2338 ad
191 2309 324 2350 quern
359 2294 543 2336 refertur
580 2300 724 2335 motus
758 2301 945 2347 equatus
986 2295 1185 2335 omnium
1219 2295 1457 2346 stellarum,
1497 2303 1540 2337 et
1576 2302 1642 2336 est

96 2372 209 2406 terre
231 2364 542 2406 concentricus.
596 2363 674 2404 Set
696 2376 783 2404 non
806 2362 940 2403 habet
961 2362 1087 2416 polos
1104 2364 1255 2404 mundi
1270 2377 1345 2404 seu
1369 2365 1644 2418 equinoccia-

99 2434 171 2484 les,
194 2440 261 2474 set
291 2433 459 2474 distant
490 2432 583 2485 ejus
605 2431 694 2485 poli
727 2446 753 2472 a
778 2431 889 2485 polis
921 2432 1074 2472 mundi
1104 2446 1182 2486 per
1213 2444 1267 2482 24
1288 2434 1452 2485 gradus
1479 2434 1567 2474 fere
1588 2435 1643 2475 de

98 2503 258 2545 circulo
281 2516 443 2557 magno
465 2507 722 2543 transeunte
744 2515 820 2555 per
847 2500 972 2554 polos
996 2501 1149 2542 mundi
1177 2507 1220 2542 et
1242 2501 1369 2554 polos
1398 2504 1578 2554 zodiaci,
1600 2510 1644 2544 et

38 2588 78 2621 35
98 2571 217 2614 s‘ecat
250 2571 595 2625 equinoccialem
629 2571 671 2610 in
704 2570 879 2611 duobus
910 2571 1087 2623 punctis
1110 2572 1340 2624 oppositi3‚
1366 2578 1409 2613 et
1441 2573 1644 2614 dividunt

98 2655 144 2683 se
167 2647 323 2682 mutuo
346 2654 423 2694 per
444 2641 651 2681 medium.

159 2710 379 2752 Zodiacus
401 2710 534 2763 igitur
556 2716 621 2751 est
650 2709 836 2750 circulus
865 2709 1099 2751 inclinatus
1128 2723 1260 2763 super
1291 2710 1647 2763 equinoccialem,

100 2785 144 2820 et
165 2780 381 2832 contingit
403 2780 442 2820 ei
465 2780 575 2820 duos
604 2779 922 2832 equidistantes
951 2792 1038 2832 que
1066 2785 1169 2820 sunt
1191 2779 1435 2821 adinvicem
1457 2779 1647 2833 equales,

118 2854 120 2856 ’
145 2859 188 2898 38
212 2857 316 2900 duos]
333 2857 467 2889 duasM

1659 1205 1755 1236 131a
1778 1205 1807 1228 2.
