1945 3079
848 87 926 129 391

124 187 421 229 substanciam
453 187 686 240 posicionis
713 188 953 240 Pictagore‚
986 188 1060 241 qui
1084 188 1230 241 posuit
1253 187 1369 230 celos
1392 201 1485 229 esse
1516 187 1667 229 decem

125 257 322 310 ejusdem
347 263 500 298 nature
529 257 784 306 communis,
809 256 984 306 scilicet,
1008 270 1094 310 que
1125 262 1191 298 est
1217 257 1372 310 quinta
1400 257 1590 298 essentia
1611 256 1668 297 ab

125 325 368 366 elementis.
451 324 523 366 Sic
566 324 682 365 enim
718 325 1048 366 concedendum
1085 331 1151 367 est
1193 325 1311 379 quod
1350 332 1452 367 sunt
1494 331 1666 366 tantum

124 407 280 435 novem
312 393 392 435 celi
424 393 498 447 qui
531 400 632 435 sunt
665 395 721 435 de
759 400 912 435 natura
943 395 1094 447 quinte
1124 394 1327 445 essencie,
1357 395 1557 448 quamvis
1592 394 1667 435 de-

84 481 101 513 5
123 476 217 503 cem
241 463 328 504 sint
349 475 536 516 corpora
558 476 583 502 a
604 476 731 516 spera
752 464 853 503 lune
876 476 1013 516 usque
1035 463 1089 504 ad
1112 464 1441 504 convexitatem
1464 463 1666 504 ultimam

122 531 215 582 celi,
237 538 280 573 et
313 532 416 585 quia
448 532 560 573 inter
592 545 740 586 speras
769 532 952 574 celestes
983 531 1222 574 collocatur
1254 533 1335 574 hoc
1366 546 1522 586 corpus
1553 545 1666 586 aque

123 600 379 651 maximum,
402 600 502 642 ideo
523 608 703 642 vocatur
725 601 865 643 celum
890 601 1001 642 sicut
1023 600 1120 651 alia,
1141 607 1206 642 set
1228 600 1310 642 hoc
1334 607 1399 642 est
1425 601 1645 654 equivoce.

181 669 228 710 Si
266 670 481 710 obiciatur
512 670 632 723 quod
665 670 720 710 ad
754 670 1026 723 posicionem
1059 670 1243 711 istorum
1276 669 1467 710 celorum
1500 670 1667 720 decem,

121 739 209 779 duo
237 745 545 792 supponuntur
573 752 756 791 corpora
789 752 893 789 esse,
922 752 1007 791 que
1037 744 1297 780 moveantur
1325 738 1467 790 primo
1494 738 1666 779 duobus

62 825 102 848 10
122 808 313 848 motibus
336 814 454 848 recto
481 814 524 848 et
547 808 718 858 declivi,
740 808 843 861 quia
864 821 889 848 a
920 807 1042 848 nullo
1065 808 1121 848 de
1142 812 1242 848 octo
1264 807 1365 848 celis
1387 812 1571 860 possunt
1593 806 1664 847 alii

119 883 291 930 septem
317 877 507 929 recipere
529 883 702 918 motum
726 876 860 926 illurn,
883 890 982 918 cum
1006 890 1135 930 super
1166 875 1275 916 alios
1307 874 1435 929 polos
1459 889 1665 916 movean-

119 952 190 987 tur
217 959 350 999 quam
393 945 466 986 ille
504 946 572 987 cui
608 946 785 987 daretur
812 946 969 999 primo,
1003 952 1050 986 ut
1083 946 1117 986 si
1160 950 1272 986 esset
1305 945 1423 985 orbis
1456 950 1661 986 octavus:

119 1016 277 1056 eodem
302 1016 436 1056 modo
459 1014 647 1056 obicitur
669 1021 823 1056 contra
845 1028 1023 1065 nonum,
1042 1015 1146 1068 quia
1168 1014 1238 1055 ille
1255 1013 1390 1055 habet
1412 1028 1514 1055 suos
1536 1013 1662 1066 polos

117 1085 319 1138 proprios
335 1084 653 1125 determinatos
670 1097 781 1137 quos
804 1097 892 1124 non
911 1084 1097 1124 retinent
1114 1082 1186 1124 alii
1208 1084 1336 1124 orbes
1359 1083 1592 1133 inferiores,
1611 1097 1663 1124 eo

60 1169 97 1201 15
117 1153 237 1206 quod
262 1159 433 1207 septem
456 1153 586 1194 orbes
608 1152 887 1207 planetarum
911 1152 1157 1194 abinvicem
1184 1153 1436 1194 discordant
1459 1152 1501 1192 in
1524 1151 1662 1205 polis;

119 1236 223 1276 ergo
246 1223 304 1264 ab
335 1236 387 1263 eo
419 1235 506 1263 non
542 1223 753 1276 recipient
785 1221 901 1263 hunc
934 1227 1105 1263 motum
1138 1222 1367 1263 declivum.
1430 1220 1489 1262 Et
1516 1227 1664 1275 potest

116 1291 197 1332 dici
230 1291 349 1343 quod
382 1304 536 1332 omnes
567 1292 698 1332 orbes
729 1297 831 1332 octo
872 1290 1038 1331 habent
1071 1297 1241 1332 motum
1282 1290 1500 1332 declivum
1534 1304 1663 1343 super

116 1359 243 1413 polos
277 1360 380 1400 noni
417 1359 513 1411 celi,
549 1366 592 1401 et
625 1360 696 1400 hic
732 1365 799 1400 est
834 1360 1081 1401 communis
1110 1359 1327 1411 omnibus,
1358 1359 1469 1399 sicut
1498 1358 1663 1400 habent

117 1435 288 1470 motum
335 1434 498 1470 rectum
542 1442 672 1482 super
714 1428 839 1482 polos
882 1429 1040 1469 decimi
1074 1428 1154 1469 celi
1197 1429 1272 1481 qui
1309 1434 1376 1468 est
1416 1428 1664 1469 communis

57 1513 97 1535 20
115 1497 332 1539 omnibus.
395 1497 474 1539 Set
526 1504 672 1550 preter
723 1496 845 1538 illum
899 1504 1069 1538 motum
1118 1497 1338 1538 declivum
1382 1510 1662 1538 communem

114 1566 323 1607 omnibus
345 1579 518 1616 novem,
540 1580 672 1620 quem
695 1572 795 1608 octo
813 1566 988 1607 illorum
1012 1566 1178 1608 habent
1201 1580 1226 1607 a
1244 1580 1373 1616 nono,
1397 1565 1582 1620 quilibet
1605 1566 1661 1608 de

95 1640 286 1689 'septem
319 1635 498 1677 orbibus
525 1636 802 1689 planetarum
833 1635 967 1676 habet
997 1635 1222 1690 proprium
1247 1642 1417 1677 motum
1441 1635 1660 1677 declivum

114 1718 245 1759 super
269 1705 468 1759 proprios
490 1704 631 1759 polos,
652 1712 697 1747 et
719 1705 817 1746 ideo
840 1704 1025 1758 quilibet
1047 1718 1199 1745 eorum
1230 1704 1364 1746 habet
1388 1711 1476 1746 tres
1503 1712 1662 1755 motus,

113 1787 248 1814 unum
279 1781 445 1815 rectum
474 1775 547 1828 qui
573 1781 639 1816 est
668 1775 864 1824 diurnus,
892 1780 936 1815 et
969 1774 1082 1815 duos
1113 1773 1316 1822 declives,
1345 1774 1511 1815 scilicet
1540 1787 1662 1815 com-

54 1856 92 1887 25
113 1856 291 1884 munem
317 1849 362 1885 et
382 1843 623 1897 proprium.

172 1912 220 1953 Si
254 1912 385 1963 dicas,
418 1926 526 1966 ergo
557 1911 785 1954 habebunt
827 1913 940 1954 duos
973 1919 1115 1954 rectos
1152 1912 1263 1954 sicut
1297 1914 1406 1955 duos
1438 1912 1657 1954 declives:

112 1982 347 2022 dicendum
371 1987 438 2022 est
459 1982 579 2035 quod
602 1994 689 2022 non
712 1987 889 2035 oportet
911 1981 1003 2032 hoc,
1025 1981 1127 2034 quia
1155 1980 1160 2036 Ι
1189 1987 1356 2023 rectum
1380 1987 1445 2023 est
1467 1981 1658 2022 nobilius

112 2051 306 2104 obliquO,
341 2057 384 2091 et
421 2050 522 2091 ideo
560 2057 708 2104 potest
742 2064 838 2092 esse
874 2065 961 2093 uno
993 2051 1139 2100 modo,
1176 2051 1377 2104 quamvis
1419 2051 1657 2105 obliquitas

111 2119 306 2173 pluribus
329 2119 484 2170 modis,
508 2126 551 2160 et
573 2119 674 2161 ideo
697 2120 843 2162 decuit
861 2121 1001 2174 magis
1017 2121 1260 2161 secundum
1282 2120 1483 2162 ordinem
1501 2126 1657 2161 nature

53 2200 93 2232 30
112 2196 160 2230 ut
186 2187 503 2242 plurificaretur
532 2195 678 2230 motus
705 2189 911 2243 obliquus
940 2203 1075 2243 quarn
1103 2196 1274 2239 rectus;
1309 2195 1352 2230 et
1380 2188 1482 2231 licet
1515 2190 1655 2243 magis

111 2259 277 2306 deceat,
319 2259 518 2299 nondum
561 2258 850 2300 certificatum
895 2265 961 2300 est
1012 2272 1068 2300 an
1109 2258 1293 2312 quilibet
1334 2259 1453 2300 orbis
1494 2257 1656 2300 habeat

113 2334 284 2369 motum
324 2334 491 2368 rectum
529 2329 756 2381 proprium
793 2328 861 2369 vel
897 2341 1011 2379 non3
1059 2328 1268 2382 possibile
1302 2328 1416 2369 enirn
1453 2334 1521 2369 est
1556 2327 1654 2369 hoc.

113 2396 192 2438 Set
221 2410 308 2437 non
336 2403 401 2437 est
429 2397 547 2450 apud
578 2397 762 2438 Latinos
790 2397 1077 2446 declaratum,
1108 2403 1152 2439 et
1183 2398 1283 2439 ideo
1315 2410 1403 2438 non
1433 2398 1655 2438 contendo

111 2473 263 2507 contra
290 2465 388 2515 hoc,
410 2472 454 2506 et
483 2466 691 2520 precipue
720 2480 820 2508 cum
852 2466 1092 2508 multitudo
1121 2473 1321 2508 motuum
1349 2467 1390 2507 in
1420 2466 1654 2508 celestibus

51 2544 91 2577 35
111 2535 242 2576 faciat
280 2534 468 2575 multum
505 2536 562 2576 ad
599 2534 855 2577 salvandam
897 2536 1218 2590 apparenciarn,
1250 2536 1490 2577 secundum
1533 2536 1652 2589 quod

111 2603 342 2656 Averroys
366 2609 410 2644 et
431 2602 720 2658 Alpetragius
743 2604 895 2645 dicunt
917 2611 961 2645 et
983 2604 1202 2646 naturales
1225 2605 1539 2646 mathematici.

171 2671 218 2713 Si
255 2672 375 2714 dicas
417 2673 458 2712 in
503 2671 659 2714 ultima
702 2673 874 2714 racione
910 2673 1042 2714 fuisse
1082 2674 1360 2728 suppositum
1399 2674 1506 2715 istos
1543 2674 1656 2715 duos

113 2748 260 2782 motus
283 2747 448 2782 rectum
479 2747 522 2782 et
552 2742 779 2796 obliquum
807 2757 902 2784 esse
931 2743 1110 2797 primos,
1135 2750 1178 2784 et
1208 2750 1410 2785 neutrum
1443 2744 1499 2784 ad
1523 2742 1655 2784 alium

1682 1992 1823 2024 113a2.
