1945 3079
143 1127 270 1169 98b2.

103 1603 166 1634 O.
191 1611 273 1634 12a.

1025 86 1106 142 338

290 215 416 249 retro.
482 206 560 247 Set
593 205 635 245 in
668 203 825 245 eodem
861 215 948 243 non
980 207 1083 243 sunt
1120 201 1348 252 contraria,
1381 201 1588 242 dextrum
1627 198 1742 241 enim
1777 205 1843 240 est

288 276 555 331 principium
579 279 738 325 motus,
760 279 805 315 et
827 273 982 314 eadem
1005 284 1106 326 pars
1129 277 1196 312 est
1217 271 1261 311 in
1291 270 1505 324 principio
1530 269 1596 311 sui
1622 274 1769 310 motus
1798 275 1843 310 et

289 348 349 388 sic
374 352 532 400 postea
555 345 599 385 in
632 343 718 385 fine
744 342 872 392 illius,
897 348 944 383 ut
967 340 1095 383 stella
1124 353 1210 394 que
1236 340 1387 394 incipit
1414 339 1579 380 moveri
1603 338 1647 380 in
1677 338 1844 380 oriente

288 424 331 458 et
366 423 521 470 postea
553 414 603 455 fit
635 415 678 455 in
709 413 951 456 occidente.
1018 410 1096 453 Set
1133 409 1240 451 illud
1278 409 1419 464 magis
1453 408 1766 450 certificabitur
1800 408 1844 449 in

288 485 589 539 sequentibus.
1593 481 1599 529 ]
1702 532 1706 535 Δ
1864 487 1882 520 5

351 555 399 597 Si
432 555 605 596 dicatur
627 553 748 607 quod
777 552 1066 594 contrarietas
1095 547 1160 592 est
1188 550 1389 591 maxima
1415 549 1640 600 distancia‚
1664 555 1714 591 ut
1738 548 1844 590 Ari-

289 625 473 667 stoteles
495 624 602 665 dicit
624 623 666 664 in
688 622 1040 664 Predicamentis
1061 626 1104 662 et
1123 621 1167 661 in
1190 624 1241 661 x⁰
1263 618 1592 673 Metlzaplzz'sz'ce,
1615 624 1721 672 erg‘o
1743 632 1845 660 cum

291 696 404 736 inter
426 694 570 735 oriens
599 699 642 734 et
671 692 875 734 occidens
904 691 961 733 sit
991 691 1190 732 maxima
1218 689 1447 738 distancia,
1471 696 1516 730 et
1545 688 1688 742 major
1708 701 1844 742 quam

292 765 405 805 inter
422 770 622 805 centrum
646 769 688 803 et
711 761 866 811 oriens,
889 767 933 802 et
955 760 1070 801 inter
1096 764 1294 801 centrum
1322 766 1365 800 et
1388 759 1603 807 occidens,
1625 771 1702 798 seu
1732 757 1846 799 inter

291 841 490 875 centrum
514 839 559 874 et
580 832 875 886 quodcunque
892 836 1107 884 punctum
1134 829 1178 870 in
1200 828 1306 879 celo,
1330 829 1413 871 erit
1435 828 1478 869 in
1502 834 1625 869 motu
1649 827 1847 869 maxima
1867 845 1907 868 ιο

291 903 600 944 contrarietas:
635 901 875 942 dicendum
899 906 964 941 est
982 900 1101 953 quod
1127 899 1326 939 maxima
1343 898 1559 940 distancia
1580 903 1728 951 potest
1752 911 1847 939 esse

291 972 535 1013 secundum
569 971 704 1011 situm
734 969 801 1010 vel
832 969 1073 1010 secundum
1106 975 1310 1009 naturam
1346 981 1446 1010 cum
1476 967 1576 1009 situ.
1640 965 1720 1008 Set
1741 980 1846 1008 con-

292 1042 494 1083 trarietas
518 1041 560 1081 in
585 1046 709 1081 motu
725 1038 853 1080 locali
876 1039 1084 1079 fundatur
1100 1051 1233 1091 supra
1250 1037 1610 1079 contrarietatem
1629 1036 1672 1077 in
1690 1043 1848 1078 natura

292 1125 392 1152 cum
418 1109 671 1152 diversitate
693 1109 813 1149 situs.
876 1109 998 1149 Inter
1026 1105 1031 1162 1
1060 1108 1203 1148 oriens
1236 1113 1280 1148 et
1309 1107 1516 1149 occidens
1542 1113 1609 1148 est
1631 1107 1848 1149 distancia

293 1182 335 1222 in
359 1181 444 1222 situ
467 1185 640 1221 tantum
658 1186 702 1220 et
717 1192 805 1220 non
824 1178 866 1219 in
883 1184 1053 1226 natura,
1072 1183 1115 1218 et
1134 1178 1234 1220 ideo
1253 1177 1374 1219 nulla
1397 1183 1462 1219 est
1480 1177 1539 1218 ibi
1558 1165 1847 1219 contrarietas
1868 1199 1907 1232 15

293 1252 406 1292 sicut
436 1252 548 1292 inter
570 1250 714 1290 oriens
737 1254 782 1290 et
803 1256 1018 1298 centrum,
1041 1261 1146 1289 nam
1175 1255 1241 1289 est
1270 1248 1330 1289 ibi
1359 1247 1571 1290 distancia
1601 1247 1644 1288 in
1677 1253 1846 1288 natura.

351 1316 400 1358 Si
423 1318 593 1358 dicatur
616 1315 734 1368 quod
758 1328 964 1357 numerus
987 1315 1181 1356 senarius
1205 1321 1271 1355 est
1300 1313 1518 1369 perfectus
1547 1320 1590 1356 et
1619 1314 1846 1368 quinarius

293 1386 590 1442 imperfectus,
628 1399 733 1440 ergo
772 1384 926 1426 melior
960 1391 1026 1425 est
1064 1390 1108 1425 et
1145 1383 1344 1435 nobilior,
1376 1390 1443 1425 set
1476 1390 1633 1426 natura
1664 1384 1767 1425 facit
1801 1390 1846 1425 et

292 1457 434 1510 exigit
468 1456 588 1509 quod
623 1453 780 1495 melius
814 1460 909 1495 est:
959 1454 1197 1495 dicendum
1240 1461 1306 1495 est
1343 1454 1465 1506 quod
1504 1453 1743 1507 multiplex
1779 1460 1846 1496 est

294 1526 463 1567 numeri
493 1524 720 1579 perfeccio,
743 1524 857 1565 sicut
887 1537 944 1564 ex
967 1523 1238 1564 Arismetica
1261 1523 1540 1565 manifestum
1564 1529 1630 1564 est
1651 1541 1658 1564 :
1693 1537 1781 1565 una
1802 1524 1844 1564 in
1868 1519 1927 1569 20¹

294 1596 485 1647 denario,
507 1594 611 1648 quia
633 1594 694 1635 ibi
723 1592 727 1648 Ι
756 1599 821 1635 est
843 1599 984 1635 status
1008 1607 1303 1641 numerorum,
1326 1592 1412 1634 alia
1433 1600 1500 1635 est
1523 1593 1565 1634 in
1582 1595 1847 1648 septenario,

293 1666 396 1720 quia
438 1666 598 1707 dicitur
644 1678 740 1705 esse
773 1677 981 1704 numerus
1018 1663 1315 1705 universitatis
1352 1671 1397 1706 et
1433 1664 1558 1719 virgo
1595 1664 1848 1720 incorrupta

293 1737 535 1778 secundum
568 1735 688 1789 leges
720 1747 1015 1784 numerorum,
1039 1733 1174 1774 tercia
1207 1739 1273 1774 est
1305 1734 1348 1774 in
1379 1735 1562 1783 senario,
1590 1735 1694 1788 quia
1726 1748 1845 1777 com-

294 1807 472 1860 ponitur
494 1820 551 1847 ex
573 1804 772 1858 partibus
801 1803 1022 1856 aliquotis,
1044 1802 1129 1844 alia
1156 1808 1222 1844 est
1250 1803 1293 1843 in
1319 1804 1522 1853 ternario,
1545 1810 1592 1845 ut
1618 1811 1741 1859 patet
1769 1818 1846 1858 per

293 1875 585 1917 Aristotelem
618 1874 661 1914 in
695 1873 909 1926 principio
947 1872 1038 1914 Celz·
1064 1878 1108 1913 et
1137 1872 1315 1914 Mundi.
1380 1873 1460 1915 Set
1497 1873 1652 1927 quinta
1693 1881 1760 1916 est
1802 1876 1846 1916 in
1868 1891 1927 1924 ²55

293 1945 505 1999 quinario,
535 1957 669 1997 quam
702 1941 968 1983 Aristoteles
1004 1942 1154 1983 laudat
1187 1942 1230 1982 in
1263 1941 1375 1983 libro
1411 1942 1684 1985 secretorum
1715 1958 1847 1999 super

293 2027 462 2062 omneS‚
484 2019 527 2054 et
557 2012 674 2065 quod
705 2010 860 2052 melior
893 2018 959 2052 est
989 2011 1202 2052 omnibus.
1268 2012 1387 2052 Nam
1416 2013 1639 2065 quinarius
1662 2027 1845 2068 compo-

293 2083 409 2124 nitur
446 2096 503 2123 ex
538 2081 708 2123 binario
741 2086 783 2120 et
815 2081 1018 2128 ternario,
1052 2094 1109 2121 ex
1142 2081 1303 2134 quibus
1335 2089 1662 2135 componuntur
1692 2096 1846 2125 omnes

293 2151 475 2200 numeri,
499 2156 543 2192 et
566 2150 665 2191 ideo
695 2156 851 2190 natura
881 2156 978 2190 tota
1007 2150 1177 2190 numeri
1208 2156 1275 2191 est
1304 2150 1347 2190 in
1377 2151 1578 2204 quinario
1602 2157 1646 2193 et
1671 2153 1846 2206 primo;

295 2228 338 2262 et
361 2221 459 2261 ideo
481 2219 586 2261 dicit
607 2219 727 2272 quod
756 2231 823 2259 res
852 2218 1051 2259 morales
1070 2225 1113 2259 et
1143 2218 1365 2260 naturales
1394 2220 1559 2270 debent
1588 2220 1632 2261 in
1662 2235 1846 2263 numero
1866 2240 1910 2272 30

295 2291 378 2332 isto
413 2288 631 2331 collocari.
698 2287 830 2329 Unde
862 2287 967 2328 dicit
1004 2288 1123 2341 quod
1157 2288 1321 2329 debent
1353 2302 1448 2329 esse
1485 2289 1678 2344 quinque
1710 2291 1846 2345 bajuli

295 2359 420 2413 regis,
443 2364 487 2399 et
513 2358 710 2411 quinque
741 2363 842 2397 sunt
871 2370 1035 2409 sensus,
1068 2363 1111 2398 et
1142 2357 1282 2398 multa
1312 2357 1420 2398 dicit
1449 2359 1505 2399 de
1534 2358 1616 2401 hoc
1649 2374 1844 2402 numero.

341 2519 358 2551 7
386 2507 677 2548 Methaphisiee]
696 2518 728 2537 x.
750 2516 796 2545 14.
893 2516 934 2544 25
954 2508 1033 2537 Geli
1047 2510 1085 2538 et
1099 2506 1254 2548 Mundi]
1269 2507 1288 2539 i.
1304 2518 1333 2539 2.
1426 2509 1468 2539 26
1487 2509 1744 2551 secretorum]
1754 2510 1776 2542 f.
1791 2521 1846 2550 42.

295 2562 358 2600 sig.
377 2561 413 2592 L.
427 2561 459 2600 ij.
477 2560 546 2601 (ed.
570 2560 680 2599 1555).
1627 2596 1634 2600 -
1944 2564 1945 2604 l

340 2695 359 2715 2
384 2693 463 2723 pars
491 2681 559 2724 est]
591 2692 671 2722 pars
698 2681 729 2713 Ο
878 2691 942 2720 2-3
967 2687 1000 2712 et
1032 2680 1097 2722 sic]
1127 2681 1163 2711 fit
1196 2681 1227 2712 O
1371 2692 1391 2722 3
1418 2683 1450 2712 in
1481 2682 1566 2724 fine]
1593 2688 1626 2715 et
1654 2684 1686 2716 in
1717 2685 1785 2717 fine
1814 2686 1846 2717 Ο
1915 2675 1925 2708 i

301 2746 340 2767 10
364 2735 474 2777 motu]
496 2739 588 2766 motu
605 2734 761 2765 circulari
783 2735 813 2766 O
958 2744 997 2774 13
1022 2733 1130 2775 motu]
1148 2738 1241 2765 motu
1259 2734 1415 2766 circulari
1436 2734 1466 2766 Ο
1599 2737 1637 2767 18
1661 2737 1759 2780 facit]
1777 2749 1846 2770 non
1909 2715 1927 2790 ι

298 2789 377 2820 facit
396 2787 425 2818 O
564 2797 602 2826 19
626 2786 765 2828 melius]
784 2787 932 2819 nobilius
951 2786 981 2816 O
1115 2796 1152 2817 21
1180 2786 1262 2828 alia]
1279 2791 1399 2827 quarta
1418 2786 1449 2817 O
1912 2795 1923 2848 ἱ

1910 2848 1922 2872 b

1907 2880 1932 3079 l
