1945 3079
813 106 895 153 359

90 213 223 254 lineas
255 211 446 265 equales.
511 211 608 252 Hoc
639 217 785 252 autem
817 212 1010 264 undique
1041 212 1082 251 in
1111 211 1293 266 singulis
1320 210 1518 266 partibus
1541 226 1626 253 non

89 287 155 322 est
171 281 252 322 nisi
271 294 347 335 per
363 280 658 334 spericitatem
677 279 866 333 plenam,
885 286 1152 334 quapropter
1169 288 1317 333 partes
1340 288 1440 323 octo
1463 281 1627 322 habent

89 350 273 405 figuram
299 349 513 404 spericam
543 349 585 389 in
615 348 703 390 suis
734 349 1038 398 exterioribus,
1063 355 1106 390 et
1135 350 1291 390 eodem
1327 351 1459 391 modo
1489 358 1553 392 est
1585 351 1626 390 in

88 419 241 460 ceteris
263 418 490 459 elementis
513 417 778 459 naturaliter.

51 506 69 538 5
147 487 194 530 Si
210 501 313 529 vero
330 487 501 528 dicatur
518 486 638 539 quod
656 499 729 526 aer
750 492 794 527 et
818 486 928 540 ignis
952 491 995 526 et
1018 499 1133 539 aqua
1156 493 1256 526 sunt
1280 494 1382 528 nata
1405 488 1628 528 continere

87 557 204 599 aliud
237 569 395 611 corpus
434 556 547 596 intra
583 569 641 605 se,
672 569 776 608 ergo
810 561 954 609 partes
986 555 1148 595 nullius
1182 556 1363 595 istorum
1396 563 1497 596 nate
1528 564 1629 597 sunt

88 639 342 668 concurrere
383 626 496 666 circa
533 631 734 666 centrum
775 638 952 666 eorum:
1000 625 1236 666 dicendum
1280 631 1345 665 est
1387 626 1505 678 quod
1549 625 1628 666 hec

88 695 361 736 continencia
393 694 552 735 accidit
585 694 660 742 eis,
682 699 726 733 et
759 707 838 734 nos
867 693 1089 746 loquimur
1117 694 1187 734 hic
1214 694 1454 734 secundum
1478 708 1628 734 eorum

89 771 292 805 naturam
323 763 571 804 absolutam
603 763 844 803 secundum
876 776 933 812 se,
956 761 1057 803 licet
1083 763 1199 802 enim
1227 763 1269 801 in
1292 768 1506 814 quantum
1530 769 1629 803 sunt

31 847 70 869 10
88 839 234 888 partes
266 832 395 886 hujus
428 831 580 872 mundi
612 837 677 872 est
710 831 769 872 eis
801 831 881 872 hec
919 831 1192 872 continencia
1229 830 1449 880 naturalis,
1480 837 1630 871 tamen

87 902 327 943 secundum
360 914 406 941 se
439 900 726 942 consideratis
757 899 961 941 absolute
992 900 1152 940 accidit
1185 900 1304 952 quod
1339 913 1473 940 unum
1511 899 1630 940 aliud

87 971 320 1013 contineat.
385 970 518 1023 Quod
553 970 684 1023 igitur
715 969 777 1010 sic
809 970 1075 1017 contineant,
1098 969 1180 1009 hoc
1210 982 1297 1009 non
1326 968 1441 1009 tollit
1468 969 1630 1022 aptitu-

87 1040 234 1081 dinem
272 1040 327 1080 ad
366 1039 550 1092 figuram
589 1044 749 1078 rectam
786 1037 1055 1092 completam
1094 1044 1137 1079 et
1174 1038 1318 1086 situm,
1352 1038 1462 1079 sicut
1496 1039 1630 1079 modo

86 1109 254 1150 dictum
284 1115 349 1149 est
379 1108 434 1148 de
464 1114 590 1158 terra,
613 1112 657 1148 et
680 1107 779 1147 ideo
802 1107 1043 1151 secundum
1065 1108 1362 1160 aptitudinem
1385 1106 1629 1147 naturalem

30 1191 67 1223 15
86 1177 322 1230 cujuslibet
351 1177 559 1218 elementi
592 1178 833 1217 secundum
865 1190 911 1216 se
940 1176 1133 1229 exigitur
1164 1176 1315 1230 figura.
1382 1176 1479 1216 Hec
1512 1177 1627 1216 enim

85 1247 179 1288 sola
202 1253 268 1288 est
291 1246 363 1287 illa
385 1260 471 1300 que
494 1259 550 1286 ex
574 1259 621 1286 se
643 1252 687 1286 et
715 1246 858 1299 primo
886 1252 930 1286 et
956 1258 1033 1298 per
1061 1259 1106 1286 se
1135 1252 1179 1286 et
1208 1244 1410 1285 absolute
1436 1252 1538 1286 nata
1564 1252 1630 1286 est

86 1314 232 1357 locum
256 1314 423 1367 replere
446 1313 713 1355 naturaliter.

149 1383 227 1425 Set
259 1385 293 1424 si
324 1384 494 1424 dicatur
523 1382 643 1435 quod
670 1382 783 1435 ignis
810 1395 897 1423 non
921 1383 1063 1424 solum
1088 1388 1268 1437 propter
1290 1384 1627 1432 continenciam,

87 1460 153 1495 set
175 1458 355 1507 propter
371 1451 454 1493 hoc
477 1451 597 1504 quod
621 1450 739 1491 nulla
761 1464 861 1505 pars
884 1453 977 1506 ejus
1001 1459 1067 1494 est
1093 1450 1098 1507 Ι
1127 1453 1271 1506 gravis
1294 1459 1439 1506 potest
1465 1453 1628 1507 inplere
1653 1471 1713 1503 104
1730 1463 1751 1493 b
1773 1471 1783 1492 1

29 1541 69 1563 20
87 1523 285 1576 spacium
316 1534 454 1574 usque
475 1520 531 1561 ad
555 1526 754 1561 centrum
777 1534 918 1570 suum,
941 1521 1061 1574 quod
1085 1528 1151 1562 est
1178 1528 1375 1562 centrum
1400 1523 1565 1573 mundi,
1587 1528 1630 1562 et

79 1591 183 1648 ‘ideo
205 1604 294 1631 non
325 1596 390 1630 est
417 1595 547 1630 natus
568 1588 730 1629 habere
752 1596 899 1643 partes
920 1590 981 1631 sic
1004 1589 1227 1644 figurataS,
1250 1597 1293 1631 et
1316 1592 1472 1632 eodem
1497 1591 1630 1632 modo

87 1661 143 1702 de
178 1673 278 1701 aere
315 1665 358 1700 et
394 1672 535 1712 aqua:
580 1659 817 1700 dicendum
856 1666 922 1701 est
963 1661 1082 1712 quod
1123 1660 1224 1701 licet
1265 1661 1504 1701 secundum
1543 1662 1630 1701 dis-

87 1730 356 1784 posicionem
398 1727 618 1769 actualem
661 1729 801 1769 tocius
840 1730 1003 1781 mundi,
1041 1743 1192 1770 verum
1229 1731 1285 1770 sit
1321 1730 1441 1783 quod
1484 1736 1630 1783 partes

87 1798 219 1839 trium
242 1797 558 1838 elementorum
581 1811 667 1838 non
690 1798 776 1838 sint
798 1803 898 1839 nate
920 1799 1085 1852 replere
1107 1805 1250 1839 totum
1274 1799 1468 1852 spacium
1492 1813 1631 1852 usque

29 1884 67 1916 25
87 1868 143 1909 ad
176 1873 372 1909 centrum
406 1880 557 1907 earum
595 1868 716 1920 quod
754 1873 819 1907 est
851 1874 1048 1908 centrum
1083 1868 1264 1919 mundi;
1301 1875 1449 1909 tamen
1481 1869 1516 1908 si
1548 1868 1630 1909 hec

87 1937 418 1978 considerentur
446 1937 687 1977 secundum
711 1950 758 1977 se
780 1936 994 1988 absolute,
1023 1950 1073 1977 ac
1100 1937 1134 1977 si
1165 1937 1394 1990 quodlibet
1416 1945 1530 1978 esset
1553 1951 1631 1990 per

86 2020 132 2047 se
169 2013 377 2055 creatum,
408 2011 455 2045 ut
483 2011 674 2059 ponatur
705 2006 823 2059 quod
860 2005 977 2046 solus
1010 2006 1125 2060 ignis
1157 2013 1269 2047 esset
1301 2012 1344 2047 et
1376 2006 1629 2059 quiesceret,

85 2081 232 2129 partes
258 2072 263 2129 Ι
292 2074 386 2127 ejus
415 2081 720 2116 concurrerent
749 2075 863 2115 circa
890 2080 1087 2115 centrum
1110 2089 1237 2116 suum
1262 2077 1379 2128 quod
1403 2089 1489 2116 non
1514 2081 1627 2116 esset
1649 2081 1691 2112 O.
1711 2089 1749 2111 22
1767 2091 1796 2112 a.

87 2144 208 2185 locus
245 2144 445 2197 gravium
484 2149 528 2184 et
564 2143 840 2196 quiescerent
875 2145 1116 2184 secundum
1154 2145 1448 2198 aptitudinem
1492 2143 1630 2197 figure

26 2227 68 2259 30
86 2212 202 2254 dicte
239 2219 288 2253 ut
325 2218 468 2253 totum
506 2212 652 2254 locum
688 2213 906 2266 replerent
946 2213 1059 2254 circa
1095 2220 1298 2254 centrum
1335 2226 1476 2261 suurn,
1513 2213 1629 2253 unde

85 2281 244 2323 accidit
277 2281 365 2335 igni
398 2288 446 2322 ut
477 2280 569 2334 ejus
601 2287 799 2321 centrum
831 2281 887 2322 sit
918 2287 1115 2322 centrum
1149 2282 1310 2330 mundi,
1333 2288 1376 2322 et
1410 2281 1507 2322 ideo
1540 2294 1627 2322 non

87 2351 343 2403 prohibetur
371 2351 476 2403 quin
505 2350 747 2391 secundum
768 2355 971 2391 naturam
995 2363 1120 2390 suam
1143 2350 1390 2391 absolutam
1414 2363 1503 2391 non
1526 2363 1628 2404 pro-

86 2418 226 2460 hibito
265 2426 465 2473 respectu
503 2420 557 2459 ad
590 2419 723 2469 aliud,
755 2418 917 2460 habeat
951 2424 1097 2472 partes
1129 2419 1352 2461 ordinatas
1388 2419 1626 2460 secundum

87 2487 424 2541 possibilitatem
452 2487 732 2542 figuracionis
755 2501 859 2540 sepe
881 2487 998 2528 dicte
1024 2488 1138 2529 circa
1159 2501 1286 2529 suum
1310 2494 1505 2529 centrum
1528 2501 1626 2540 pro-

28 2569 68 2602 35
87 2545 316 2610 p'inquum,
351 2556 470 2610 quod
520 2570 608 2597 non
650 2557 706 2597 sit
748 2563 947 2597 centrum
991 2557 1155 2598 mundi.
1236 2557 1295 2598 Et
1336 2557 1396 2598 sic
1439 2556 1494 2596 de
1533 2555 1627 2596 aliis

87 2625 315 2667 elementis
337 2631 403 2666 est
425 2625 775 2679 intelligendum.

131 2739 152 2769 6
167 2737 272 2780 intra]
285 2738 372 2769 infra
390 2737 421 2768 O
486 2747 525 2768 ιο
535 2737 634 2776 hujus
645 2747 713 2769 om.
725 2737 766 2767 M
812 2739 851 2768 16
864 2742 898 2768 et
911 2736 966 2768 alt.
980 2747 1045 2767 om.
1058 2737 1099 2767 M
1145 2747 1181 2776 17
1196 2735 1411 2777 naturaliter]
1424 2735 1631 2767 circulariter

90 2790 121 2831 Ο
209 2790 251 2820 28
267 2789 377 2830 esset]
389 2794 441 2820 est
452 2789 494 2819 M
579 2798 621 2827 32
638 2788 823 2829 prohibito]
836 2788 952 2819 habito
967 2787 997 2818 Ο
1089 2798 1129 2827 34
1147 2787 1390 2829 propinquum]
1408 2787 1581 2828 proprium
1601 2787 1631 2818 O
