1945 3079
114 581 263 612 112b2‚

135 2600 278 2633 113a1.

1013 52 1097 95 390

280 155 459 196 ascribit
503 159 672 196 motum
716 154 934 204 diurnum,
977 154 1220 195 secundum
1264 160 1431 195 rectum
1474 151 1695 194 circulum.
1769 151 1830 192 Et

279 224 510 264 Avicenna
534 226 579 274 9⁰
599 223 919 277 Methaphz'sice
940 223 1048 265 dicit
1080 223 1200 276 quod
1227 229 1331 265 ante
1354 222 1664 264 Ptholomeum
1688 219 1830 261 nullus

281 293 427 346 posuit
459 292 603 333 celum
632 306 826 344 nonum;
868 306 973 346 ergo
1005 293 1247 334 secundum
1280 291 1573 333 Aristotelem
1605 304 1692 332 non
1729 296 1830 331 sunt

282 362 364 403 nisi
398 368 502 403 octo
535 362 628 403 celi.
694 362 947 404 Dicendum
977 368 1043 403 est
1067 362 1187 415 quod
1219 361 1510 415 philosophus
1533 360 1742 402 naturalis
1764 364 1830 400 est

282 431 496 472 sensibilis
519 438 562 472 et
586 433 835 473 considerat
861 438 1065 473 naturam
1088 430 1340 472 sensibilem
1364 437 1407 471 et
1430 443 1588 483 corpus
1610 428 1831 479 sensibile,
1847 445 1865 476 5

281 508 325 542 et
347 501 449 554 quia
470 514 622 542 sensus
644 515 731 542 non
754 501 861 543 dicit
882 501 1049 554 aliquid
1069 514 1164 542 esse
1186 500 1301 541 ultra
1323 505 1529 541 octavum
1552 492 1709 548 celum,
1731 498 1831 539 ideo

282 570 549 612 Aristoteles
582 570 626 611 in
660 571 932 612 naturalibus
967 583 1056 611 non
1087 569 1240 612 debuit
1269 567 1274 624 Ι
1300 569 1747 610 faceremencionem
1777 567 1832 608 de

282 640 491 695 pluribus.
569 640 702 695 Quod
739 654 844 682 vero
880 641 1113 682 Avicenna
1146 639 1264 691 dicit,
1305 638 1640 693 intelligendum
1678 633 1745 679 est
1778 636 1834 678 de

284 709 612 751 mathematicis
654 710 786 763 puris,
828 710 933 764 quia
974 709 1118 750 nullus
1160 723 1312 750 eorum
1363 715 1468 750 ante
1520 707 1832 749 Ptholomeum

282 779 430 833 posuit
445 793 603 821 novem
618 779 746 821 celos.
771 779 849 822 Set
867 779 1132 821 Aristoteles
1148 792 1234 819 non
1252 778 1332 820 fuit
1347 792 1480 832 purus
1495 776 1834 819 mathematicus
1859 792 1897 814 ιο

283 855 349 890 set
372 848 584 889 naturalis
605 855 649 890 et
672 848 1022 899 mathematicus,
1051 855 1095 890 et
1116 862 1194 902 per
1218 848 1311 889 vias
1344 847 1657 890 mathematice
1686 845 1837 899 posuit

285 917 446 972 plures,
468 923 510 958 et
533 917 632 958 ideo
657 917 972 959 mathematica
993 931 1082 959 non
1103 917 1251 971 posuit
1273 923 1446 959 tantum
1470 923 1582 958 octo.

346 986 393 1028 Si
416 1000 518 1028 vero
540 987 712 1027 dicatur
736 987 860 1040 quod
891 986 1158 1028 Aristoteles
1188 987 1330 1041 primo
1352 985 1672 1039 Metlzaplzz'sz'ce
1692 997 1836 1038 repre-

287 1056 442 1097 hendit
479 1056 756 1109 Pictagoram
780 1062 962 1110 propter
988 1056 1257 1109 posicionem
1282 1068 1406 1096 suam
1439 1056 1494 1096 de
1516 1056 1670 1096 decem
1703 1053 1806 1094 celis
1828 1066 1838 1103 ;

286 1126 523 1167 dicendum
544 1132 611 1166 est
633 1126 753 1179 quod
774 1125 957 1166 verbum
972 1124 1228 1166 Aristotelis
1242 1124 1575 1178 intelligendum
1594 1129 1660 1165 est
1682 1128 1730 1164 ut
1752 1135 1839 1174 non
1862 1137 1900 1171 15

287 1194 581 1248 reprehendat
614 1208 715 1235 eum
748 1201 930 1248 propter
960 1195 1258 1236 substanciam
1283 1195 1532 1247 posicionis‚
1555 1199 1622 1235 set
1655 1193 1838 1234 modum

287 1264 494 1318 ponendi.
558 1264 677 1304 Nam
716 1263 864 1317 posuit
906 1277 1113 1305 numeros
1153 1277 1248 1304 esse
1286 1277 1438 1304 causas
1472 1276 1630 1313 rerum,
1662 1268 1706 1304 et
1737 1261 1841 1315 quia

290 1334 495 1375 denarius
536 1340 605 1374 est
646 1333 865 1386 perfectus
902 1333 944 1374 in
977 1334 1130 1374 ordine
1163 1347 1456 1384 numerorum,
1492 1339 1540 1374 ut
1571 1339 1742 1374 tactum
1775 1337 1842 1372 est

291 1404 409 1456 prius
432 1403 475 1443 in
505 1403 587 1444 hiis
617 1403 851 1445 celestibus
874 1410 919 1445 et
949 1403 1223 1445 verificatum
1254 1409 1319 1444 est
1353 1403 1396 1444 in
1426 1402 1708 1452 arismeticis;
1741 1401 1842 1442 ideo

291 1473 438 1527 posuit
461 1473 612 1513 decem
635 1472 764 1514 celos.
825 1471 905 1514 Set
927 1472 1008 1513 hec
1030 1486 1163 1514 causa
1184 1479 1251 1514 est
1275 1471 1390 1513 mala
1412 1478 1456 1512 et
1470 1471 1774 1525 vituperanda,
1798 1475 1841 1510 et
1863 1485 1903 1507 20

290 1542 391 1583 ideo
405 1541 671 1584 Aristoteles
689 1542 897 1595 reprobat
914 1542 1008 1596 ejus
1025 1542 1296 1595 posicionem
1314 1556 1372 1583 ex
1394 1541 1476 1583 hac
1494 1554 1635 1583 causa.
1689 1539 1843 1593 Quon-

291 1612 378 1652 iam
397 1617 547 1652 autem
565 1611 709 1652 solum
725 1625 885 1652 novem
901 1612 983 1653 celi
1001 1618 1104 1653 sunt
1128 1612 1183 1653 de
1205 1618 1362 1654 natura
1379 1611 1534 1665 quinta
1552 1616 1697 1665 preter
1714 1615 1842 1651 natu-

293 1695 361 1722 ras
379 1680 700 1722 elementorum
718 1687 921 1733 quatuor,
936 1686 980 1721 et
997 1681 1149 1722 decern
1175 1682 1218 1722 in
1241 1694 1424 1722 numero
1446 1686 1490 1721 et
1512 1694 1600 1721 non
1626 1681 1668 1720 in
1691 1679 1844 1720 ordine

292 1756 356 1791 est
376 1749 480 1803 quia
500 1763 666 1791 nonum
683 1750 726 1790 in
748 1750 902 1791 ordine
919 1755 989 1790 est
1007 1750 1061 1790 de
1079 1757 1235 1792 natura
1258 1748 1344 1790 alia
1365 1750 1423 1791 ab
1444 1749 1526 1791 hac
1543 1749 1709 1802 quinta,
1732 1749 1844 1789 sicut

292 1819 527 1872 sequencia
542 1820 717 1861 docent.
753 1819 813 1861 Et
827 1820 926 1860 ideo
941 1826 1088 1874 potest
1101 1819 1392 1861 Aristotelem
1409 1819 1649 1874 intelligere
1663 1819 1719 1861 ad
1735 1818 1845 1859 litte·
1864 1829 1903 1863 ²5

294 1902 400 1940 ram,
417 1889 538 1942 quod
561 1895 662 1930 sunt
685 1887 827 1929 solum
844 1902 1006 1930 novem
1024 1889 1104 1930 celi
1127 1890 1266 1930 unice.
1332 1889 1450 1930 Nam
1474 1896 1522 1931 ut
1537 1902 1691 1930 verum
1710 1887 1844 1930 fatea-

296 1971 404 2008 mur,
428 1964 604 2011 oportet
632 1971 713 1999 nos
739 1959 979 2000 concedere
1004 1959 1150 2000 celum
1179 1973 1370 2014 aqueum
1401 1973 1496 2001 esse
1524 1959 1636 2000 inter
1661 1971 1846 2013 corpora

295 2026 474 2068 celestia
489 2034 531 2069 et
547 2041 677 2081 supra
695 2034 895 2069 octavam
913 2041 1099 2083 speram,
1110 2029 1230 2081 quod
1245 2028 1439 2082 theologi
1456 2029 1620 2070 docent
1633 2028 1727 2069 sine
1743 2039 1846 2068 con-

294 2096 574 2147 tradiccione,
585 2110 664 2138 nec
679 2096 1215 2151 debentphilosophantes
1233 2097 1316 2139 hoc
1334 2097 1669 2148 abhorrere‚nec
1686 2096 1846 2138 abhor-

296 2172 439 2207 rerent
454 2166 528 2219 qui
544 2165 736 2219 perfecte
745 2166 1048 2221 philosophati
1058 2173 1172 2217 sunt,
1183 2173 1226 2208 et
1240 2166 1494 2221 philosophi
1510 2166 1662 2207 fideles
1677 2166 1845 2207 ducunt
1866 2177 1908 2209 30

297 2249 377 2277 nos
399 2236 454 2277 ad
477 2235 576 2286 hoc,
598 2236 709 2277 sicut
731 2236 992 2290 probabitur
1015 2236 1207 2287 inferius,
1225 2236 1325 2278 licet
1347 2235 1845 2290 vulgus.philosophan-

299 2305 412 2345 cium
431 2304 514 2346 hoc
546 2317 635 2346 non
665 2305 926 2355 consideret,
951 2306 1066 2347 sicut
1097 2319 1176 2346 nec
1204 2305 1342 2346 multa
1375 2306 1460 2346 alia
1491 2305 1847 2346 consideracione

299 2374 565 2427 dignissima,
583 2381 854 2429 quapropter
868 2375 1089 2416 decimum
1107 2374 1249 2416 celum
1265 2388 1353 2416 non
1367 2375 1448 2415 erit
1461 2375 1603 2416 celum
1625 2374 1705 2415 nisi
1727 2374 1848 2427 equi-

298 2456 405 2484 voce
420 2457 517 2484 cum
527 2443 633 2493 aliis,
644 2444 745 2496 quia
761 2457 848 2484 non
865 2451 931 2485 est
949 2445 1104 2497 quinta
1123 2450 1279 2485 natura
1297 2451 1444 2498 preter
1461 2443 1693 2493 elementa,
1710 2443 1848 2484 immo

297 2518 363 2553 est
384 2512 427 2552 in
450 2512 596 2566 specie
619 2525 734 2565 aque
765 2513 995 2554 verissima
1029 2520 1073 2554 et
1104 2513 1255 2566 purius
1285 2526 1419 2566 quam
1444 2526 1558 2566 aqua
1585 2511 1773 2562 inferior,
1800 2518 1848 2553 ut
1867 2521 1906 2555 35

300 2581 557 2622 ostendetur
571 2581 614 2621 in
643 2579 648 2636 Ι
675 2582 973 2634 sequentibuS,
992 2589 1034 2623 et
1051 2582 1150 2623 ideo
1171 2587 1320 2635 posset
1343 2581 1609 2623 Aristoteles
1625 2582 1850 2623 destruere

351 2743 369 2762 2
394 2735 590 2766 Avicenna
607 2734 900 2776 Methaphisioe]
918 2733 981 2766 loc.
1000 2734 1054 2766 cit.
1176 2743 1212 2773 13
1238 2733 1529 2775 Methaphisice]
1551 2735 1571 2765 i.
1590 2744 1662 2774 cap.
1681 2743 1709 2773 5.
