1945 3079
120 2001 267 2043 124b1.

1013 12 1097 61 426

284 137 445 176 aquam
484 124 540 164 ad
585 128 755 164 motum
800 124 1069 178 oppositum,
1105 138 1191 166 non
1230 126 1387 168 sufficit
1426 126 1566 180 ipsam
1609 126 1832 181 completa

283 192 571 234 circulacione
609 206 795 234 movere,
872 193 932 235 Et
970 193 1082 245 ideo,
1118 199 1220 236 ante
1252 195 1627 249 complementum
1669 197 1832 238 virtute

282 274 360 301 sue
397 262 738 315 ponderositatis
773 263 999 317 regiratur.
1065 263 1124 304 Et
1159 263 1228 305 hic
1259 270 1406 306 motus
1436 265 1592 306 dicitur
1623 265 1830 308 refluxus.

286 330 439 371 Motus
471 337 620 372 autem
649 345 764 384 aque
786 346 918 386 quem
941 332 1077 374 habet
1095 347 1120 374 a
1141 333 1303 375 virtute
1327 333 1407 374 celi
1431 334 1598 375 tardior
1620 340 1685 375 est
1709 341 1832 376 motu

283 400 408 450 aeris,
439 406 483 440 et
516 406 662 441 motus
695 401 807 443 aeris
841 407 966 443 motu
1000 402 1126 456 ignis.
1188 401 1327 445 Terra
1358 409 1520 453 autem,
1553 410 1735 457 propter
1766 403 1832 444 sui
1853 412 1871 445 5

285 468 655 521 ponderacionem
693 476 738 512 et
780 471 975 524 predicte
1016 471 1191 513 virtutis
1243 471 1534 522 debilitatem,
1577 471 1835 527 simpliciter

284 538 524 579 immobilis
545 545 808 592 perseverat.
1596 532 1597 536 ¹
1700 536 1705 539 ⁶

350 652 597 707 Capz'tulmn
619 660 818 694 octavum
839 654 908 708 <de
933 655 1020 697 alio
1037 662 1154 696 motu
1177 670 1205 696 a
1215 656 1365 709 primo
1389 654 1565 709 mobilz).

346 744 495 786 Preter
536 744 652 786 hunc
694 753 865 787 motum
907 753 1056 788 autem
1098 747 1300 801 primum,
1343 747 1418 800 qui
1470 746 1716 788 communis
1767 751 1835 787 est

287 813 494 855 omnibus
517 815 774 867 corporibus
796 815 1046 869 celestibus,
1068 817 1379 870 appropriatur
1396 816 1573 858 cuilibet
1595 816 1721 858 alteri
1739 816 1835 857 orbi
1857 829 1897 852 10

286 897 311 924 a
327 883 472 936 primo
490 883 600 924 alius
619 891 762 926 motus
780 886 835 926 ad
852 886 1037 927 eandem
1054 891 1238 940 partem,
1253 886 1456 926 videlicet
1473 886 1530 927 ad
1546 886 1834 936 occidentem,

286 966 418 1005 super
439 952 548 994 alios
573 953 697 1006 polos
721 968 746 994 a
768 954 879 1007 polis
909 956 1074 1005 mundi,
1100 961 1143 996 et
1175 955 1315 995 eciam
1348 954 1593 996 adinvicem
1626 954 1833 1005 diversos,

285 1034 375 1074 quo
412 1022 591 1075 quidem
631 1029 753 1064 motu
786 1030 1002 1077 appetunt
1039 1024 1262 1078 complere
1294 1023 1399 1075 illud
1433 1024 1552 1077 quod
1585 1023 1837 1064 diminuunt

287 1105 312 1131 a
336 1098 459 1132 motu
482 1092 624 1146 primo
642 1106 651 1143 ;
685 1091 831 1133 nullus
853 1098 1003 1133 tamen
1025 1093 1220 1146 complet
1247 1093 1455 1145 totaliter,
1477 1092 1561 1133 nisi
1584 1092 1696 1134 forte
1718 1091 1836 1148 orbis

286 1159 500 1202 stellatus.
1784 1166 1785 1169 ’
1859 1176 1896 1208 15

347 1231 476 1272 Patet
519 1231 652 1286 igitur
688 1244 747 1272 ex
781 1231 864 1273 hiis
899 1246 1031 1274 causa
1076 1232 1305 1286 cujusdam
1348 1232 1610 1286 apparencie
1643 1231 1686 1272 in
1728 1230 1837 1284 celo,

286 1313 435 1354 quare,
466 1300 642 1354 scilicet,
667 1300 844 1355 planete
874 1301 1081 1343 videntur
1112 1302 1305 1355 separari
1338 1316 1363 1343 a
1394 1300 1532 1343 stellis
1565 1301 1682 1354 fixis,
1714 1306 1757 1342 et
1779 1300 1836 1342 ab

289 1370 392 1423 ipsis
429 1370 625 1424 elongari
663 1371 720 1412 ad
756 1370 982 1412 orientem.
1060 1371 1120 1412 Et
1162 1371 1363 1412 similiter
1397 1370 1575 1425 planete
1612 1370 1836 1412 inferiores

288 1453 314 1479 a
356 1439 661 1493 superioribus.
728 1439 873 1481 Causa
907 1446 973 1481 est
1011 1440 1127 1481 enim
1163 1441 1284 1493 quod
1324 1440 1454 1481 orbes
1496 1439 1835 1494 propinquiores

286 1508 379 1548 orbi
402 1521 641 1562 suppremo
662 1508 854 1550 velocius
874 1515 1106 1550 moventur
1121 1515 1244 1550 motu
1268 1509 1489 1550 communi
1509 1509 1833 1551 remocioribus.
1858 1527 1900 1550 20

290 1577 423 1618 Unde
455 1579 815 1631 posteriorantur,
846 1584 889 1619 et
922 1579 1195 1619 incurtantur
1223 1578 1445 1619 inferiores
1476 1592 1501 1618 a
1523 1578 1836 1632 superioribus.

288 1647 434 1688 Arcus
471 1647 604 1700 igitur
640 1648 934 1701 separacionis
964 1661 1050 1689 non
1083 1654 1149 1689 est
1182 1662 1258 1702 per
1289 1653 1460 1688 motum
1494 1647 1745 1688 inferiorum
1778 1647 1835 1688 ad

288 1717 517 1767 orientem,
554 1723 620 1758 set
657 1731 736 1771 per
770 1718 982 1772 majorem
1020 1718 1294 1772 superiorum
1329 1717 1626 1758 velocitatem.
1700 1717 1836 1771 Quod

285 1793 448 1837 autem,
491 1801 591 1828 cum
624 1787 708 1828 ista
750 1787 1047 1829 incurtacione
1085 1787 1213 1829 fuerit
1252 1787 1444 1828 latitudo
1486 1800 1562 1828 seu
1595 1785 1836 1828 declinacio

286 1856 486 1909 ejusdem
518 1855 642 1898 stelle
668 1855 737 1897 vel
768 1856 949 1911 planete
980 1857 1037 1898 ab
1070 1856 1353 1911 equinoeciali
1391 1855 1566 1907 circulo,
1597 1862 1835 1910 postquam
1857 1872 1897 1905 ²5

287 1925 369 1965 sub
406 1925 502 1979 ipso
535 1926 747 1973 extiterit,
782 1939 914 1967 causa
947 1933 1013 1968 est
1047 1932 1229 1980 propter
1267 1932 1438 1967 motum
1476 1926 1569 1979 ejus
1606 1924 1834 1979 proprium

289 2007 420 2048 super
446 1992 450 2048 Ι
481 1994 606 2047 polos
629 1994 739 2036 alios
762 2009 787 2035 a
810 1995 924 2048 polis
953 1995 1277 2049 equinoccialis.
1340 1995 1437 2036 Nec
1462 2008 1519 2035 ex
1548 1993 1630 2035 hac
1659 1993 1835 2049 appari—

289 2063 413 2104 cione
439 2063 652 2104 debemus
683 2077 865 2117 arguere
896 2070 1067 2105 motum
1095 2064 1371 2119 planetarum
1403 2076 1499 2105 esse
1531 2063 1587 2104 ad
1620 2063 1835 2104 orientem

289 2146 418 2186 super
457 2132 670 2174 circulum
722 2133 950 2184 declivem,
996 2134 1109 2175 sicut
1161 2133 1286 2187 ponit
1338 2131 1638 2184 Ptholomeus,
1691 2131 1833 2174 solum

289 2202 548 2255 subjectum,
570 2215 656 2243 non
679 2203 899 2244 racionem
923 2203 1217 2244 considerans.
1510 2260 1518 2268 ι
1857 2221 1900 2254 30

354 2327 604 2383 Capitnlmn
627 2343 786 2370 nonum
808 2328 877 2382 <de
899 2335 1016 2370 motu
1028 2328 1207 2383 proprio
1227 2325 1345 2370 urbis
1364 2327 1557 2381 stellam).

349 2420 483 2462 Orbis
499 2422 630 2475 igitur
652 2421 852 2463 stellatus
874 2421 1007 2463 habet
1032 2425 1201 2461 motum
1225 2419 1451 2473 proprium
1475 2417 1531 2459 ad
1561 2417 1835 2460 occidentem

289 2503 420 2543 super
452 2489 578 2544 polos
612 2491 686 2544 qui
719 2491 924 2532 dicuntur
956 2490 1136 2542 zodiaci,
1159 2489 1231 2542 qui
1263 2488 1444 2542 quidem
1473 2492 1620 2528 motus
1640 2486 1836 2541 complet

290 2560 465 2612 penitus
486 2566 562 2600 aut
584 2558 674 2601 fere
695 2560 937 2602 secundum
966 2558 1291 2613 longitudinem
1322 2556 1427 2597 illud
1451 2557 1572 2610 quod
1596 2557 1836 2598 incurtatur

292 2641 317 2667 a
359 2634 481 2668 motu
524 2629 653 2682 primi
706 2627 896 2670 mobilis.
973 2627 1104 2681 Quod
1150 2627 1184 2669 si
1232 2626 1412 2667 omnino
1452 2625 1688 2679 compleat,
1730 2631 1835 2666 tunc
1855 2642 1895 2674 35

336 2713 355 2741 8
381 2713 553 2754 octavum]
572 2715 626 2753 7¹¹².
644 2713 686 2744 M
700 2724 806 2754 marg.
899 2723 937 2753 31
968 2711 1112 2753 nonum]
1130 2713 1186 2743 8¹¹¹.
1207 2711 1248 2741 M
1262 2721 1369 2751 marg.
