1945 3079
126 939 272 970 132a2.

1022 40 1108 86 450

288 151 464 193 minutis
489 150 530 191 in
554 150 625 191 die
648 149 877 191 revolvens
895 163 1046 192 secum
1065 149 1218 191 orbem
1237 150 1451 192 declivem
1469 164 1545 192 seu
1568 150 1837 193 deferentem

286 221 415 262 Lune
444 225 488 261 et
519 225 651 274 caput
684 226 728 261 et
760 219 949 260 caudam
981 232 1059 272 per
1090 219 1163 260 illa
1196 220 1279 261 tria
1309 220 1493 262 minuta.
1548 219 1742 274 Quintus
1773 225 1840 262 est

288 304 420 344 quem
443 289 578 331 habet
595 304 653 330 ex
680 295 805 331 motu
828 294 984 330 octave
1005 302 1146 343 spere.
1194 288 1268 330 Ex
1290 290 1430 331 tribus
1453 290 1657 340 motibus,
1675 289 1841 331 scilicet

287 359 497 412 secundo,
514 359 665 407 tercio,
685 364 729 400 et
751 364 922 412 quarto,
941 358 1330 412 comprehenditur
1347 359 1516 400 medius
1534 365 1681 400 motus
1700 359 1844 411 Lune,

287 435 331 470 et
353 435 419 470 est
441 429 498 469 de
527 428 729 482 partibus
760 427 966 481 equantis
996 427 1206 469 tredecim
1235 429 1399 482 gradus
1422 434 1466 469 et
1488 441 1647 469 novem
1671 428 1842 470 minuta
1864 441 1882 474 5

287 511 467 551 equans,
486 498 560 552 qui
578 503 645 539 est
666 497 709 538 in
730 496 858 538 Luna
873 497 1128 548 ecentricus,
1145 502 1189 538 et
1208 496 1376 550 equalis
1398 487 1615 539 ecentrico
1633 496 1844 541 deferenti

285 568 511 622 <quoniam
534 568 569 609 si
591 582 617 609 a
640 573 763 609 motu
786 567 922 609 centri
938 566 1105 620 epicicli
1123 566 1376 609 auferuntur
1390 567 1473 608 tria
1496 567 1668 609 minuta
1689 567 1732 608 in
1750 567 1844 620 qui-

286 640 368 681 bus
396 646 485 680 stat
518 645 666 680 motus
694 637 908 691 equanffis,
938 642 1061 690 patet
1091 637 1212 691 quod
1240 643 1469 679 remanent
1502 651 1602 678 cum
1629 630 1841 679 tredecim

285 709 447 763 gradus
476 721 634 750 novem
666 707 837 748 minuta
862 706 1023 760 quibus
1046 706 1174 748 Luna
1205 713 1409 748 movetur
1436 706 1492 748 ad
1523 706 1735 748 orientem
1764 718 1842 760 per

289 786 459 820 motum
481 778 615 820 centri
638 777 807 831 epicicli
831 777 873 817 in
897 776 1254 818 circumferencia
1279 776 1539 831 deferentis).
1604 775 1840 818 Consider-
1867 791 1908 816 ιο

289 849 454 890 andum
485 855 552 890 est
580 848 715 902 igitur
743 847 863 901 quod
893 853 1093 888 centrum
1122 846 1292 900 epicicli
1321 847 1556 900 pertransit
1583 846 1625 887 in
1654 847 1841 888 circum-

290 918 478 960 ferencia
494 917 729 959 deferentis
747 916 950 970 equantis
970 928 1025 966 24
1038 917 1201 969 gradus
1218 922 1262 957 et
1289 926 1339 969 13
1365 916 1535 957 minuta
1552 916 1586 957 si
1602 914 1843 971 comlpute-

293 1002 390 1029 mus
408 993 552 1029 totum
572 994 745 1028 motum
761 986 1059 1040 compositum
1074 1000 1131 1026 ex
1147 992 1272 1027 motu
1291 985 1458 1040 epicicli
1482 986 1525 1026 in
1539 986 1845 1028 circumferen-

290 1059 358 1099 cia
395 1057 631 1099 deserentis
668 1062 712 1098 et
755 1070 813 1097 ex
851 1061 975 1096 motu
1018 1055 1145 1108 augis
1187 1055 1422 1097 deferentis
1469 1054 1531 1109 <in
1577 1056 1841 1098 contrariam

290 1134 462 1182 partem
483 1142 492 1178 ;
528 1133 594 1167 set
625 1132 773 1167 motus
799 1125 936 1167 centri
959 1124 1128 1179 epicicli
1155 1124 1287 1178 prius,
1311 1124 1402 1166 sive
1431 1132 1555 1166 motu
1583 1126 1846 1181 augis-non)
1869 1142 1907 1175 15

294 1204 360 1239 est
390 1198 445 1238 de
475 1211 522 1238 se
551 1197 607 1238 ad
638 1196 866 1245 orientem,
897 1195 979 1237 nisi
1010 1194 1222 1236 tredecim
1252 1194 1417 1249 gradus
1442 1201 1485 1236 et
1507 1196 1844 1248 quatuordecim

294 1269 476 1318 minuta,
511 1267 580 1308 cui
614 1266 755 1308 motui
793 1265 828 1306 si
865 1266 1056 1307 addatur
1091 1270 1237 1306 motus
1269 1265 1407 1318 augis,
1441 1264 1608 1306 scilicet
1641 1266 1846 1308 undecim

291 1338 454 1391 gradus
497 1344 540 1378 et
583 1350 741 1377 novem
784 1335 966 1383 minuta,
1010 1342 1138 1377 erunt
1173 1347 1229 1387 24
1271 1335 1434 1389 gradus
1476 1342 1519 1377 et
1565 1347 1618 1390 23
1664 1337 1847 1379 minuta.

293 1406 370 1448 Set
392 1407 602 1461 quoniam
625 1419 792 1459 equans
819 1410 1021 1446 movetur
1042 1412 1086 1446 et
1109 1411 1259 1447 movet
1281 1404 1554 1446 deferentem
1581 1412 1624 1447 et
1647 1412 1779 1460 caput
1803 1413 1847 1448 et

293 1477 480 1518 caudam
515 1489 592 1530 per
624 1475 707 1516 tria
737 1474 907 1516 minuta
936 1475 992 1516 ad
1020 1474 1309 1525 occidentem,
1333 1475 1536 1516 auferunt
1565 1475 1649 1516 tria
1676 1476 1847 1516 minuta
1869 1489 1911 1512 22

296 1547 353 1588 de
370 1552 492 1587 motu
511 1545 681 1598 epicicli
697 1545 752 1585 ad
771 1544 986 1585 orientem
1002 1551 1044 1585 et
1060 1550 1290 1585 remanent
1310 1556 1358 1599 13
1383 1542 1442 1597 <et
1461 1544 1527 1598 xj>
1543 1544 1728 1586 minuta.
1764 1545 1846 1587 Est

294 1622 441 1657 autern
474 1615 709 1669 proporcio
741 1613 873 1667 hujus
906 1613 1313 1667 comprehencionis
1345 1613 1456 1664 talis,
1488 1614 1606 1669 quod
1641 1615 1677 1655 si
1712 1615 1849 1656 tercio

297 1686 372 1739 qui
397 1691 463 1726 est
488 1684 689 1725 undecim
713 1683 924 1737 gradibus
947 1690 991 1725 et
1014 1696 1172 1724 novem
1195 1683 1387 1733 minutis,
1406 1690 1449 1724 et
1472 1691 1632 1738 quarto
1655 1684 1849 1726 motibus

301 1755 375 1810 qui
430 1761 495 1795 est
538 1754 678 1795 tribus
717 1753 895 1794 minutis
938 1752 1152 1806 motibus>
1194 1753 1282 1795 duo
1327 1758 1429 1794 sunt
1472 1754 1528 1795 ad
1572 1754 1847 1796 occidentem

297 1826 488 1867 addatur
517 1823 686 1864 medius
717 1828 864 1864 motus
895 1821 1026 1868 Solis,
1065 1822 1139 1876 qui
1176 1829 1242 1864 est
1280 1821 1369 1864 fere
1406 1836 1518 1863 unus
1554 1825 1731 1878 gradus,
1769 1825 1850 1866 erit
1871 1836 1910 1868 ²5

295 1895 462 1949 equalis
507 1893 655 1934 medio
699 1893 839 1934 motui
882 1892 1043 1947 <Lune>
1080 1892 1211 1941 dicto,
1254 1905 1356 1933 nam
1401 1906 1501 1934 cum
1541 1892 1617 1934 Sol
1654 1895 1851 1948 sequitur

298 1965 473 2006 Lunam
502 1978 527 2005 a
558 1963 700 2018 longe,
723 1963 846 2016 cujus
870 1968 1017 2003 motus
1040 1968 1105 2003 est
1127 1962 1182 2002 ad
1208 1961 1422 2003 orientem
1444 1962 1556 2004 sicut
1585 1963 1720 2014 Lune,
1742 1971 1849 2006 tunc

297 2042 446 2077 motus
480 2032 608 2085 Solis,
640 2033 675 2073 si
708 2033 899 2074 addatur
933 2032 1074 2073 motui
1106 2032 1230 2085 augis
1263 2039 1308 2074 et
1340 2033 1556 2085 equantiS‚
1577 2032 1796 2075 auferetur
1824 2048 1850 2075 a

298 2111 422 2146 motu
446 2103 583 2153 Lune,
602 2110 644 2144 et
668 2103 766 2144 ideo
789 2102 1078 2143 remanebunt
1097 2102 1153 2142 de
1171 2102 1263 2156 ejus
1281 2108 1404 2143 motu
1424 2108 1596 2144 tantum
1619 2115 1669 2157 13
1687 2104 1851 2157 gradus

299 2181 343 2216 et
366 2174 572 2216 undecim
597 2173 781 2223 minuta,
800 2179 843 2213 et
867 2177 1039 2213 tanturn
1059 2177 1124 2212 est
1147 2178 1294 2212 motus
1319 2170 1433 2213 Solis
1456 2185 1556 2212 cum
1580 2179 1702 2214 motu
1724 2174 1849 2228 augis
1870 2193 1914 2227 30

300 2250 345 2285 et
376 2250 581 2297 equante,
615 2248 798 2296 propter
830 2242 950 2295 quod
983 2246 1159 2294 oportet
1191 2241 1310 2294 quod
1345 2240 1451 2282 Sole
1484 2247 1528 2282 et
1564 2241 1691 2283 Luna
1722 2242 1850 2284 simul

301 2313 599 2355 existentibus
622 2313 666 2352 in
688 2326 802 2366 auge
824 2310 1030 2352 ecentrici
1056 2310 1192 2359 Lune,
1218 2309 1296 2352 Sol
1326 2311 1406 2351 erit
1432 2324 1606 2365 semper
1634 2312 1678 2353 in
1704 2313 1852 2354 medio

299 2383 435 2424 centri
465 2381 634 2435 epicicli
664 2388 707 2422 et
733 2381 871 2434 augis.
925 2379 999 2419 Ex
1021 2393 1109 2433 quo
1132 2379 1272 2419 eciam
1295 2380 1490 2433 sequitur
1507 2380 1627 2434 quod
1650 2387 1851 2424 centrum

300 2451 468 2505 epicicli
491 2457 687 2492 transeat
716 2464 843 2491 suurn
874 2449 1141 2490 ecentricum
1171 2447 1237 2488 bis
1259 2449 1302 2488 in
1331 2462 1480 2491 mense
1503 2449 1641 2491 lunari
1671 2457 1852 2505 propter

305 2521 486 2575 duplam
503 2519 838 2573 elongacionem
853 2533 878 2559 a
896 2517 1013 2559 Sole.
1068 2517 1217 2559 Centri
1235 2518 1415 2571 quidem
1434 2518 1617 2573 <epicicli
1635 2526 1848 2573 quantum
1871 2540 1910 2574 35

299 2598 363 2633 est
393 2592 446 2633 de
468 2590 663 2631 secundo
687 2589 829 2643 motu>
856 2588 911 2629 ad
937 2588 1150 2629 orientem
1182 2588 1306 2641 augis
1328 2602 1432 2630 vero
1453 2588 1685 2643 <quantum
1708 2596 1774 2631 est
1796 2590 1851 2631 de

345 2710 365 2739 5
390 2699 530 2741 novem]
554 2710 591 2739 13
609 2698 650 2728 M
800 2708 839 2728 12
868 2697 922 2739 13]
950 2707 990 2736 23
1011 2696 1051 2727 Μ
1201 2695 1238 2725 18
1266 2696 1404 2738 novem]
1424 2698 1457 2737 xj
1479 2698 1518 2728 M
1659 2710 1701 2732 22
1725 2702 1849 2745 tercio]

299 2756 427 2787 tercius
445 2754 485 2785 M
618 2765 660 2794 29
688 2752 740 2794 13]
760 2763 801 2784 22
820 2753 860 2783 M
