1945 3079
840 115 916 157 371

110 233 134 259 a
157 223 307 259 centro
332 217 516 258 ducatur
539 217 580 256 in
615 218 816 259 occidens
846 232 930 259 una
953 219 1066 261 linea
1096 220 1263 262 infinita
1285 235 1369 274 que
1391 223 1446 263 sit
1470 223 1516 273 B,
1541 228 1644 264 tunc

109 287 153 327 in
177 285 453 327 revolucione
475 285 568 334 celi,
592 285 626 325 B
651 285 763 327 linea
786 289 1069 340 pertransibit
1092 289 1233 330 celum
1257 291 1298 330 in
1323 291 1517 339 circuitu,
1541 306 1644 345 ergo

110 354 394 410 pertransibit
423 354 516 394 AH
549 354 721 405 lineam,
746 369 850 409 ergo
880 357 1159 410 pertransibit
1185 360 1381 411 spacium
1411 360 1643 410 infinitum,

111 425 229 477 quod
253 424 502 477 pertransiri
527 436 614 463 non
638 430 798 476 potest,

74 507 91 540 5
171 492 269 534 Hec
291 505 406 533 nunc
429 492 645 533 sufficiant
675 493 717 532 in
745 494 933 547 speciali,
957 495 1060 548 quia
1078 495 1121 535 in
1152 494 1456 538 communibus
1475 499 1648 538 Natur-

109 562 246 604 alium
268 568 495 603 ostensum
518 567 584 602 est
607 575 685 615 per
706 562 1110 604 demonstraciones
1129 565 1461 607 mathematicas
1484 566 1647 619 aliquid

110 637 153 673 et
187 644 265 684 per
296 630 516 671 naturales
548 630 667 683 quod
700 630 830 672 nichil
863 633 1090 685 corporale
1119 640 1267 686 potest
1296 647 1390 674 esse
1419 634 1648 674 infinitum.

110 699 170 740 Et
201 698 402 753 quamvis
422 697 687 740 Aristoteles
717 698 759 739 in
791 699 902 740 libro
929 700 1020 742 Celz'
1036 708 1078 742 et
1103 702 1271 743 Mundi
1289 709 1425 755 ponat
1453 703 1649 743 raciones

109 767 278 822 aliquas
309 781 417 820 quas
442 767 590 820 posuit
618 767 659 807 in
689 768 826 808 tercio
848 768 1126 810 Plcz'sz'corum
1149 777 1192 810 et
1214 770 1382 823 aliquas
1404 771 1648 811 consimiles

51 851 92 874 10
111 837 184 887 eis,
207 842 250 877 et
281 836 452 889 aliquas
484 836 677 877 diversas
711 836 902 887 omnino,
934 844 1083 879 tamen
1117 839 1219 890 quia
1250 844 1351 878 sunt
1384 838 1647 879 universales

110 912 202 948 tam
226 906 391 946 mundo
413 918 547 958 quam
570 904 749 946 cuilibet
771 906 944 960 corpori
973 920 1049 960 per
1069 920 1116 946 se
1138 907 1284 960 posito
1307 920 1405 948 cum
1427 907 1539 947 alico
1561 906 1647 947 alio

110 981 292 1028 propter
320 975 537 1015 racionem
568 980 612 1015 et
641 975 842 1015 ordinem
867 975 1035 1026 mundi,
1056 976 1155 1017 ideo
1184 982 1310 1017 taceo
1332 976 1388 1016 de
1418 977 1478 1016 eis
1501 976 1542 1015 in
1566 976 1646 1016 hac

109 1049 244 1098 parte.
309 1043 426 1084 Nam
448 1057 499 1084 ea
521 1056 607 1096 que
628 1043 683 1084 de
705 1043 766 1084 eis
787 1044 906 1084 volui
930 1045 1108 1098 premisi
1138 1045 1180 1085 in
1210 1051 1333 1099 parte
1355 1045 1615 1097 precedente
1635 1060 1643 1084 ε

109 1112 246 1154 multa
295 1113 434 1155 eciam
486 1119 587 1154 sunt
635 1112 866 1166 superflua,
909 1114 965 1154 de
1012 1114 1171 1167 quibus
1216 1126 1301 1154 non
1343 1119 1409 1154 est
1459 1112 1645 1153 multum

50 1193 88 1226 15
107 1180 362 1222 curandum.

168 1248 335 1290 sivero
349 1248 816 1290 obiciatursecundum
831 1248 1120 1290 Aristotelem
1139 1250 1181 1289 in
1198 1249 1335 1290 tercio
1355 1251 1359 1304 1
1383 1248 1422 1287 T
1419 1249 1647 1302 epicorum,

113 1318 230 1371 quod
265 1318 420 1359 melius
451 1323 518 1359 est
549 1318 689 1372 magis
722 1324 789 1359 est
821 1318 1098 1372 eligendum:
1134 1323 1198 1359 set
1230 1319 1394 1358 bonum
1427 1316 1645 1357 infinitum

111 1393 178 1428 est
209 1386 362 1428 melius
393 1400 527 1441 quam
557 1387 730 1428 finitum
753 1393 796 1428 et
822 1393 978 1428 natura
998 1387 1099 1428 facit
1121 1387 1241 1440 quod
1263 1392 1328 1426 est
1353 1385 1519 1434 melius,
1544 1400 1647 1439 ergo

109 1461 266 1497 natura
307 1456 448 1509 exigit
488 1456 655 1497 bonum
698 1454 915 1496 infinitum
961 1456 1004 1496 in
1047 1456 1176 1496 rebus
1217 1454 1498 1506 naturalibus,
1535 1455 1647 1495 sicut

0 1566 1 1580 ζ
49 1540 89 1563 20
110 1523 308 1566 finitum:
342 1531 410 1566 set
441 1525 747 1567 racionabilius
780 1531 846 1566 est
876 1531 1021 1566 totum
1055 1525 1268 1565 mundum
1302 1537 1396 1564 esse
1428 1523 1644 1564 infinitum

8 1585 12 1588 ”
103 1607 236 1653 'quam
260 1600 421 1648 partes,
443 1607 517 1635 seu
540 1593 680 1635 celum
703 1607 837 1648 quam
861 1593 990 1644 aliud,
1013 1607 1117 1647 ergo
1140 1593 1278 1635 celum
1303 1592 1383 1633 erit
1404 1591 1646 1633 infinitum:

107 1663 343 1705 dicendum
382 1669 448 1705 est
484 1663 604 1717 quod
643 1669 798 1704 natura
836 1662 939 1703 facit
975 1668 1019 1703 et
1055 1663 1194 1716 exigit
1230 1663 1351 1715 quod
1389 1661 1543 1703 melius
1580 1666 1646 1701 est

105 1732 370 1785 simpliciter,
393 1739 458 1774 set
491 1734 534 1772 in
566 1732 694 1773 rebus
726 1731 996 1772 naturalibus
1027 1730 1245 1772 infinitum
1279 1743 1365 1770 non
1393 1736 1459 1770 est
1492 1729 1646 1770 melius

105 1814 184 1842 nec
216 1801 399 1853 bonum,
420 1801 524 1854 quia
556 1813 644 1842 non
674 1806 823 1854 posset
855 1799 940 1840 alia
969 1799 1175 1852 compati,
1198 1805 1241 1840 et
1269 1805 1552 1852 sequerentur
1579 1798 1644 1838 in-

106 1946 289 1993 propter
313 1939 398 1980 hoc
427 1940 568 1980 omnis
598 1953 665 1980 res
691 1937 899 1978 naturalis
931 1942 997 1978 est
1025 1936 1159 1987 finita,
1182 1950 1260 1978 nec
1287 1936 1464 1990 requirit
1490 1941 1645 1976 natura

101 2008 232 2050 aliud.

169 2078 216 2121 Si
258 2079 431 2120 dicatur
470 2078 590 2133 quod
639 2092 769 2120 causa
808 2078 950 2131 prima
995 2082 1061 2117 est
1102 2075 1271 2116 infinite
1314 2074 1530 2128 potencie,
1578 2078 1645 2113 set

104 2148 308 2202 potencia
340 2147 464 2189 finita
500 2154 566 2189 est
599 2147 746 2189 ociosa
777 2147 858 2186 nisi
892 2151 1022 2186 exeat
1055 2146 1098 2185 in
1129 2150 1292 2194 actum,
1313 2157 1417 2198 ergo
1448 2141 1646 2182 similiter

44 2230 86 2262 30
104 2218 307 2273 potencia
329 2217 499 2259 infinita
517 2217 598 2258 erit
616 2217 762 2257 ociosa
776 2216 858 2256 nisi
882 2221 1013 2256 exeat
1036 2215 1079 2255 in
1101 2219 1246 2255 actum
1270 2226 1412 2261 suum,
1434 2217 1500 2253 set
1521 2217 1645 2252 actus

106 2287 200 2341 ejus
222 2293 286 2328 est
309 2286 504 2327 infinitus
523 2300 532 2338 ;
565 2299 669 2339 ergo
692 2290 866 2339 oportet
888 2285 1006 2337 quod
1029 2283 1171 2338 prima
1191 2295 1323 2324 causa
1344 2281 1475 2322 saciat
1496 2285 1644 2321 actum

146 2465 168 2495 9
190 2453 445 2495 Phisicorum]
463 2453 510 2485 iii.
527 2454 568 2492 48
585 2463 657 2494 sqq.
798 2452 837 2483 16
861 2448 1100 2491 'topicen-um]
1116 2448 1162 2481 iii.
1182 2458 1212 2479 2.

148 2610 179 2639 2,
205 2609 225 2639 3
250 2598 487 2640 pertransibit]
507 2596 692 2637 pertransit
712 2594 742 2626 O
832 2605 851 2625 2
877 2595 911 2624 in
928 2593 1003 2635 ΜΛ]
1023 2597 1057 2624 et
1073 2593 1107 2623 in
1123 2591 1165 2622 M
1256 2601 1276 2631 3
1299 2590 1387 2631 AH]
1405 2595 1508 2621 totam
1527 2589 1594 2619 ΑΗ
1616 2589 1647 2619 Ο

111 2662 129 2691 7
155 2650 348 2692 corporale]
367 2650 522 2681 naturale
540 2648 571 2680 Ο
694 2658 734 2678 10
757 2646 851 2687 quia]
870 2655 889 2686 5
907 2645 949 2677 M
1065 2653 1104 2682 13
1129 2644 1162 2674 in
1180 2648 1277 2683 parte
1295 2643 1504 2683 precedente
1520 2652 1587 2672 om.
1607 2641 1649 2671 M

108 2713 148 2743 14
172 2703 313 2734 multum
330 2713 396 2733 om.
418 2701 449 2732 O
571 2711 614 2732 20
639 2697 895 2738 racionabilius]
915 2697 993 2728 ideo
1010 2695 1153 2727 nobilius
1168 2695 1211 2726 M
1328 2704 1367 2724 21
1394 2703 1493 2733 quam
1513 2692 1643 2733 partes]

103 2766 122 2786 a
139 2761 235 2795 parte
252 2755 315 2786 celi
334 2754 365 2785 O
531 2763 572 2793 25
596 2749 889 2790 inconveniencia]
907 2748 1131 2789 impossibilia
1150 2747 1180 2777 O
1348 2756 1390 2786 29
1414 2755 1458 2785 30
1481 2755 1563 2785 ergo
1580 2767 1587 2775 .
1608 2767 1615 2774 .
1632 2767 1640 2775 .

103 2813 214 2840 actum
231 2817 297 2839 om.
313 2806 356 2838 M
485 2816 524 2846 31
551 2803 681 2845 actum]
698 2804 858 2835 effectum
877 2801 908 2832 O

800 2867 917 2900 Cc2

1667 1258 1727 1293 107
1746 1252 1766 1282 b
1787 1260 1816 1284 1.

45 1877 84 1909 25
106 1869 230 1911 finita
264 1870 619 1911 inconveniencia
646 1868 651 1923 1
681 1875 729 1910 ut
762 1874 885 1922 patet
922 1882 978 1908 ex
1016 1881 1131 1909 nunc
1168 1874 1211 1908 et
1247 1869 1366 1920 prius
1402 1867 1557 1917 dictis;
1601 1872 1645 1908 et
1664 1869 1707 1902 O.
1727 1868 1766 1900 28
1783 1880 1815 1901 a.
