1945 3079
874 101 958 145 439

142 219 255 256 nem,
295 206 735 259 retrogradacionem‚
773 206 1075 256 direccionem,
1120 212 1163 247 et
1202 206 1244 246 in
1282 206 1470 247 eandem
1513 212 1685 259 partem

141 274 421 316 velocitatem
453 274 665 328 majorem
688 281 732 315 et
763 275 978 315 minorem
1011 281 1209 327 respectu
1233 275 1369 316 centri
1393 276 1559 316 mundi.
1626 275 1686 315 Et

139 343 300 384 accidit
346 343 545 397 planetas
595 343 835 397 aliquando
884 345 927 384 in
974 343 1248 398 longitudine
1289 343 1475 399 longiori
1518 343 1684 398 epicicli

138 413 292 453 variari
330 413 372 453 in
414 413 644 454 ecentrico.
724 413 784 454 Et
826 414 927 467 quia
969 420 1114 466 partes
1150 419 1350 454 extreme
1387 413 1528 455 tocius
1566 413 1684 454 orbis

99 492 118 524 5
138 482 476 536 appropriantur
501 482 644 523 eidem
677 482 854 537 planete
886 482 955 522 cui
988 482 1104 523 orbis
1138 483 1307 523 medius
1338 483 1577 524 ecentricus
1607 481 1611 537 1
1640 488 1684 524 et

137 563 225 590 non
249 557 491 601 moventur,
515 551 596 591 nisi
621 550 731 592 forte
762 558 884 593 motu
909 552 1065 592 diurno
1088 564 1165 605 per
1194 557 1364 592 motum
1387 553 1527 594 tocius
1553 552 1682 603 orbis,

137 620 397 674 contingunt
423 620 524 660 huic
556 620 883 674 ymaginacioni
917 620 1278 661 inconveniencia
1310 634 1396 673 que
1427 621 1545 674 prius
1577 635 1682 662 con-

136 687 255 730 clusa
286 695 388 730 sunt
419 703 478 730 ex
511 690 592 730 hoc
622 690 741 742 quod
772 690 888 730 orbis
910 690 1138 731 continens
1161 690 1314 730 orbem
1338 691 1615 739 ecentricum,
1639 697 1683 731 et

134 757 190 798 ab
220 771 272 799 eo
305 765 420 800 esset
450 765 694 808 contentus,
728 759 1067 813 approprientur
1103 759 1285 800 diversis
1322 758 1511 812 planetis
1549 760 1682 801 motis

75 841 115 864 10
133 827 321 881 propriis
345 828 537 869 motibus
560 834 604 869 et
626 828 818 869 diversis.

158 928 161 931 '
194 919 216 974 <
228 919 477 974 Capz'tnlmn
506 932 523 959 1
530 926 599 973 5¹1¹.
660 920 712 960 de
732 921 948 962 sentencia
969 920 1255 974 Ptholomez')

194 999 273 1041 Set
296 1000 371 1054 qui
394 1000 474 1042 hac
496 1001 835 1054 ymaginacione
857 1002 1063 1054 gaudent,
1086 1002 1315 1043 credentes
1338 1016 1395 1042 ex
1417 1015 1468 1042 ea
1491 1001 1678 1056 possibi-

133 1068 306 1111 litatem
336 1069 597 1111 circulorum
633 1076 677 1111 et
701 1077 903 1111 motuum
933 1085 1044 1124 quos
1076 1071 1199 1125 ponit
1223 1071 1512 1113 Ptholomeus
1535 1071 1680 1112 decla-

132 1152 265 1187 rasse,
287 1140 510 1194 propriam
536 1140 836 1193 ignoranciam
860 1141 1102 1181 eorundem
1128 1147 1327 1181 motuum
1353 1141 1605 1182 ostendunt.

71 1219 110 1252 Ι5
191 1209 321 1250 Ponit
343 1209 461 1250 enim
488 1209 774 1251 Ptholomeus
797 1209 838 1249 in
858 1209 985 1250 Luna
1003 1217 1046 1251 et
1066 1209 1285 1252 Mercurio
1303 1211 1422 1264 quod
1439 1211 1680 1252 ecentricus

129 1284 251 1319 totus
273 1279 471 1319 deferens
494 1277 724 1333 epiciclum
750 1285 951 1319 movetur
973 1293 1104 1333 super
1121 1279 1239 1320 aliud
1260 1286 1457 1321 centrum
1481 1294 1506 1320 a
1529 1287 1679 1321 centro

128 1348 319 1402 proprio.
368 1348 627 1389 Ecentricus
646 1347 762 1389 enirn
779 1348 904 1388 Lune
919 1354 1040 1389 totus
1059 1355 1262 1390 movetur
1275 1350 1516 1390 secundum
1533 1349 1676 1402 ipsum

128 1414 242 1455 circa
266 1420 465 1455 centrum
497 1414 659 1462 mundi,
684 1420 732 1454 ut
760 1414 879 1467 prius
907 1413 1182 1455 declaratum
1210 1421 1286 1464 est,
1310 1416 1364 1455 ad
1389 1416 1676 1466 occidentem,

128 1484 190 1524 ita
212 1485 331 1536 quod
356 1484 589 1537 longitudo
612 1483 706 1537 ejus
728 1483 901 1537 longior
923 1490 967 1524 et
989 1484 1278 1536 propinquior
1299 1491 1342 1525 et
1365 1485 1459 1538 ejus
1474 1491 1675 1526 centrum

66 1569 108 1593 20
127 1552 382 1594 describunt
399 1560 486 1594 tres
503 1553 685 1594 circulos
703 1552 949 1606 paralellos,
963 1566 1152 1606 quorum
1171 1560 1369 1594 centrum
1394 1560 1459 1594 est
1475 1561 1675 1595 centrum

85 1651 89 1655 -
126 1622 292 1664 mundi.
356 1622 416 1663 Et
445 1621 645 1663 similiter
671 1629 871 1663 movetur
901 1623 1140 1664 ecentricus
1165 1623 1383 1673 Mercurii,
1404 1637 1505 1665 cum
1529 1632 1673 1665 muta-

124 1691 248 1732 cione
269 1692 333 1732 sui
357 1691 560 1733 ecentrici
584 1692 697 1732 circa
719 1692 837 1733 aliud
861 1698 1073 1746 punctum
1098 1706 1123 1732 a
1146 1699 1298 1734 centro
1321 1694 1484 1734 mundi.

185 1761 246 1802 Et
269 1761 312 1802 in
328 1761 411 1802 hiis
425 1761 564 1802 eciam
580 1760 749 1802 circulis
767 1762 891 1814 ponit
910 1761 1113 1815 epiciclos
1132 1762 1296 1802 moveri
1314 1763 1369 1803 ad
1387 1763 1673 1818 contrarium,

123 1829 305 1881 scilicet,
326 1830 382 1871 ad
405 1831 619 1871 orientem
642 1844 650 1881 ;
683 1844 795 1884 quos
825 1838 973 1871 motus
1002 1831 1036 1871 si
1060 1831 1180 1872 dicto
1204 1831 1339 1872 modo
1361 1832 1672 1885 ymaginantes

64 1915 103 1949 ²5
124 1906 368 1953 posuerunt
395 1900 438 1940 in
468 1900 575 1941 orbe
605 1900 753 1941 medio
786 1899 1017 1951 ecentric0‚
1040 1901 1211 1954 patebit
1241 1900 1420 1953 aliquod
1452 1901 1670 1944 dictorum

122 1969 461 2022 impossibilium
494 1970 738 2011 necessario
771 1970 1039 2023 contingere,
1076 1977 1169 2011 tam
1207 1985 1264 2011 ex
1304 1978 1427 2012 motu
1468 1973 1671 2014 ecentrici

121 2053 253 2092 quam
276 2053 333 2080 ex
357 2045 481 2080 motu
504 2038 687 2093 epicicli.

178 2107 297 2150 Item
327 2109 455 2162 ponit
478 2108 764 2150 Ptholomeus
785 2110 904 2162 quod
938 2108 1026 2150 fere
1055 2109 1098 2149 in
1125 2122 1211 2150 una
1245 2109 1523 2150 revolucione
1546 2111 1671 2152 Lune

121 2178 364 2218 secundum
394 2177 714 2232 longitudinem
744 2178 811 2218 bis
841 2179 1140 2232 pertransierit
1162 2178 1365 2233 epiciclus
1388 2180 1669 2233 ecentricum‚

59 2262 101 2294 30
120 2252 164 2288 et
187 2247 306 2300 quod
328 2247 396 2288 bis
419 2246 548 2288 fuerit
572 2247 614 2287 in
638 2247 733 2300 ejus
755 2262 882 2302 auge,
900 2255 944 2289 et
967 2249 1031 2288 bis
1053 2248 1094 2288 in
1117 2248 1212 2302 ejus
1229 2249 1525 2302 opposicione,
1548 2252 1667 2304 quod

118 2329 207 2357 non
225 2317 451 2370 continget
481 2317 485 2371 Ι
512 2318 753 2358 secundum
778 2318 942 2358 dictam
965 2317 1361 2372 ymaginacionem.

179 2386 308 2426 Ponit
330 2393 480 2428 autem
514 2386 801 2427 Ptholomeus
824 2389 943 2439 quod
972 2400 1106 2440 auges
1130 2387 1408 2441 planetarum
1436 2396 1669 2430 moventur

117 2455 174 2496 ad
208 2461 379 2496 motum
415 2461 570 2496 octave
603 2469 739 2508 spere.
805 2455 894 2509 Qui
931 2457 1111 2510 quidem
1150 2463 1296 2498 motus
1332 2471 1417 2499 non
1452 2465 1518 2500 est
1554 2459 1667 2501 circa

116 2530 316 2565 centrum
349 2525 574 2578 proprium
608 2526 825 2574 ecentrici,
855 2526 1063 2578 quoniam
1096 2527 1139 2566 in
1174 2533 1298 2568 motu
1331 2527 1445 2568 circa
1467 2535 1662 2569 centrum

56 2609 95 2641 35
117 2605 205 2633 non
233 2599 384 2633 manet
406 2607 516 2634 unus
538 2600 727 2647 punctus
754 2609 844 2635 aux
873 2595 1052 2648 planete
1073 2610 1082 2646 ;
1115 2596 1264 2647 immo,
1287 2611 1461 2650 semper
1485 2598 1664 2639 diversi-

115 2660 280 2704 ficatur.
332 2664 484 2704 Motus
507 2670 655 2705 autern
680 2664 753 2717 qui
776 2672 842 2705 est
864 2663 921 2704 ab
938 2671 1094 2706 octava
1116 2679 1245 2718 spera
1267 2672 1334 2706 est
1356 2667 1498 2707 tocius
1520 2667 1664 2718 orbis;

115 2732 177 2772 ita
199 2733 321 2785 quod
342 2732 458 2773 idem
483 2739 671 2785 punctus
695 2739 844 2774 manet
866 2747 956 2774 aux
981 2741 1022 2775 et
1046 2734 1161 2775 idem
1187 2735 1414 2788 opposicio
1437 2736 1574 2790 augis.

115 2838 117 2841 .
161 2821 199 2841 12
225 2810 301 2852 Set]
322 2811 358 2842 Si
377 2811 418 2841 M

1706 492 1766 523 128
1786 492 1806 523 b
1827 501 1853 523 1.

1691 2324 1825 2355 128b2
